1687 2519
525 131 563 167 A
567 129 842 168 ENEIDOS
874 129 985 166 LJB.
1026 129 1059 166 J.

139 213 225 252 ‘Bis
254 211 367 252 denis
396 212 606 262 Phrygium
636 211 851 251 conscendi
879 211 1045 250 navibus
1073 225 1231 261 aequor,

140 269 284 306 ‘Matre
314 266 389 304 dea
417 272 660 304 monstrante
691 265 804 310 viam,
834 265 925 304 data
955 266 1033 302 fata
1061 274 1241 312 secutus;

140 320 232 358 ‘Vix
260 328 411 369 septem
440 320 648 357 convolsae
677 319 793 357 undis
824 320 1009 368 Euroque
1037 326 1253 368 supersunt.

141 376 251 424 ‘Ipse
278 373 445 423 ignotus,
475 385 605 422 egens,
638 372 784 422 Libyae
815 373 967 410 deserta
996 385 1168 421 peragro,

140 429 314 476 ‘Europa
343 434 462 476 atque
489 426 585 464 Asia
613 427 770 476 pulsus'
828 428 915 464 Nec
943 426 1054 475 plura
1082 433 1309 474 querentem

141 483 257 519 Passa
284 482 419 519 Venus
449 480 580 518 medio
610 479 664 518 sic
693 479 873 518 interfata
901 480 1036 518 dolore
1065 487 1140 518 est:

194 533 398 583 ‘Quisquis
427 546 478 581 es,
510 534 626 580 haud,
658 534 788 579 credo,
821 532 966 571 invisus
995 533 1228 571 caelestibus
1256 545 1367 570 auras

141 588 307 626 ‘Vitales
337 587 474 637 carpis,
504 587 663 637 Tyriam
693 586 760 636 qui
788 586 991 625 adveneris
1019 587 1168 624 urbem.

144 644 282 691 ‘Perge
310 641 431 679 modo
460 648 578 689 atque
607 640 698 678 hinc
726 648 764 678 te
792 639 950 689 reginae
978 640 1029 677 ad
1057 639 1191 677 limina
1219 641 1354 688 perfer.

146 696 343 743 ‘Namque
371 694 442 732 tibi
470 694 631 732 reduces
661 692 790 732 socios
818 694 1063 742 classemque
1091 693 1252 730 relatam

143 748 312 786 ‘Nuntio
341 754 381 786 et
406 746 447 785 in
477 754 604 784 tutum
632 747 752 786 versis
782 746 1045 796 Aquilonibus
1075 753 1214 793 actam,

146 801 215 840 ‘Ni
243 803 380 839 frustra
407 800 611 849 augurium
640 800 730 838 vani
759 801 928 839 docuere
956 808 1147 850 parentes.

145 855 305 904 ‘Aspice
333 854 393 893 bis
422 867 537 892 senos
566 855 756 892 laetantes
785 853 940 904 agmine
970 867 1125 903 cycnos,

143 907 343 947 ‘Aetheria
371 920 470 957 quos
499 909 607 957 lapsa
635 909 750 958 plaga
780 907 886 945 lovis
914 908 995 946 ales
1023 915 1159 956 aperto

143 962 362 1000 ‘Turbabat
390 962 519 1008 cae103
557 974 662 999 nunc
692 970 809 999 terras
839 961 976 999 ordine
1005 962 1124 1010 longo

143 1018 239 1055 ‘Aut
267 1028 405 1065 capere
434 1023 500 1053 aut
529 1023 663 1064 captas
691 1014 768 1052 iam
799 1015 1028 1064 despectare
1056 1014 1255 1053 videntur:

144 1071 218 1108 ‘Ut
247 1069 412 1108 reduces
441 1068 495 1106 illi
523 1069 666 1107 ludunt
695 1068 946 1107 stridentibus
976 1069 1045 1106 alis

144 1125 211 1161 ‘Et
240 1130 356 1161 coetu
384 1122 538 1160 cinxere
567 1123 701 1171 polum
731 1130 947 1171 cantusque
977 1123 1132 1168 dedere,

145 1177 285 1214 ‘Haud
312 1175 423 1214 aliter
450 1189 681 1225 puppesque
710 1183 799 1214 tuae
827 1177 1031 1226 pubesque
1060 1183 1215 1214 tuorum

145 1233 241 1268 ‘Aut
269 1237 428 1279 portum
457 1237 564 1268 tenet
592 1236 658 1268 aut
686 1231 805 1279 pleno
835 1230 936 1268 subit
965 1229 1066 1267 ostia
1093 1231 1191 1268 velo.

145 1285 284 1333 ‘Perge
312 1283 434 1321 modo
463 1291 512 1330 et,
543 1296 622 1333 qua
650 1290 688 1321 te
718 1283 826 1321 ducit
854 1283 927 1330 via,
959 1283 1081 1332 dirige
1109 1284 1307 1333 gressum.'

197 1337 318 1384 Dixit,
349 1344 388 1375 et
416 1344 593 1375 avertens
622 1350 733 1375 rosea
762 1337 911 1375 cervice
939 1336 1099 1383 refulsit,

143 1390 454 1440 Ambrosiaeque
482 1403 620 1429 comae
649 1390 824 1428 divinum
854 1390 997 1429 vertice
1026 1391 1188 1428 odorem

143 1444 364 1494 Spiravere3
401 1444 522 1494 pedes
550 1444 669 1482 vestis
698 1443 860 1482 defluxit
889 1444 939 1483 ad
968 1444 1086 1483 imos:

145 1500 195 1536 Et
223 1511 314 1536 vera
341 1497 495 1536 incessu
524 1497 650 1547 patuit
680 1498 764 1536 dea.
825 1498 898 1536 Ille
925 1498 993 1536 ubi
1022 1504 1186 1536 matrem

144 1551 355 1601 Adgnovit,
387 1552 454 1589 tali
482 1551 695 1601 fugientem
727 1559 784 1590 est
812 1564 909 1590 voce
938 1559 1111 1590 secutus:

145 1605 269 1653 ‘Quid
296 1612 433 1643 natum
463 1606 616 1652 totiens,
647 1604 813 1644 crudelis
842 1613 884 1644 tu
913 1618 1082 1655 quoque,
1110 1604 1215 1643 falsis

146 1658 283 1697 ‘Ludis
312 1658 569 1708 imaginibus?
597 1672 665 1697 cur
693 1659 852 1698 dextrae
880 1658 1038 1709 iungere
1067 1659 1242 1697 dextram

145 1714 258 1751 ‘Non
286 1713 410 1760 datur,
443 1726 489 1750 ac
516 1725 627 1751 veras
656 1713 790 1751 audire
818 1719 857 1751 et
886 1713 1049 1751 reddere
1077 1713 1235 1750 voces?'

144 1766 307 1804 Talibus
336 1766 498 1813 incusat,
528 1779 782 1816 gressumque
811 1767 861 1804 ad
890 1766 1048 1804 moenia
1076 1765 1211 1804 tendit.

145 1823 197 1857 At
225 1821 361 1857 Venus
391 1819 557 1858 obscuro
585 1819 806 1868 gradientes
834 1822 923 1858 aere
952 1820 1084 1869 sepsit,

146 1875 196 1911 Et
223 1873 348 1911 multo
377 1873 545 1911 nebulae
573 1873 718 1910 circum
748 1873 823 1912 dea
851 1873 951 1911 fudit
979 1872 1135 1917 amictu,

145 1927 316 1965 Cernere
343 1939 394 1964 ne
423 1926 510 1975 quis
540 1939 608 1965 eos
637 1939 714 1965 neu
743 1926 830 1976 quis
859 1926 1085 1976 contingere
1113 1933 1258 1976 posset,

147 1980 327 2018 Molirive
356 1992 506 2017 moram
534 1987 602 2018 aut
628 1979 813 2018 veniendi
842 1993 1005 2030 poscere
1034 1993 1180 2018 causas.

148 2034 239 2083 Ipsa
266 2035 444 2082 Paphum
474 2033 651 2072 sublimis
680 2033 773 2080 abit,
803 2034 996 2083 sedesque
1023 2032 1153 2072 revisit

146 2089 269 2125 Laeta
296 2099 396 2134 suas,
427 2086 494 2125 ubi
522 2088 715 2137 templum
745 2087 810 2133 illi,
840 2095 1078 2137 centumque
1106 2087 1258 2126 Sabaeo

145 2142 252 2178 Ture
280 2141 410 2178 calent
439 2153 528 2178 arae
555 2140 746 2190 sertisque
773 2141 996 2179 recentibus
1024 2141 1169 2179 halant.

199 2193 433 2243 Corripuere
461 2193 566 2231 viam
596 2193 753 2241 interea,
785 2207 862 2243 qua
891 2193 1029 2232 semita
1056 2200 1265 2232 monstrat:

147 2248 311 2296 Iamque
339 2247 606 2285 ascendebant
635 2248 791 2295 collem,
821 2248 888 2297 qui
918 2247 1106 2296 plurimus
1134 2246 1221 2286 urbi

149 2300 336 2340 Imminet
364 2300 624 2351 adversasque
654 2308 830 2350 aspectat
859 2302 1028 2350 desuper
1055 2313 1173 2339 arces.

1411 139 1458 178 31

1386 427 1458 475 385

1386 705 1463 741 390

1386 974 1461 1010 395

1389 1242 1465 1276 400

1389 1509 1464 1547 405

1392 1778 1468 1813 410

1393 2044 1467 2082 415

1391 2313 1469 2348 420
