1687 2519
183 125 238 200 34'
513 149 559 188 P.
612 150 723 188 VER
731 150 865 189 σα]
894 149 1174 191 MARONJS

183 238 274 275 Fert
302 247 449 282 umero,
480 235 740 286 gradiensque
768 236 862 275 deas
891 235 1155 287 supereminet
1184 249 1343 285 omnes;

184 291 360 328 Latonae
389 289 547 327 tacitum
579 297 843 339 pertemptant
871 290 1013 340 gaudia
1040 298 1195 340 pectus:

182 343 290 382 Talis
320 351 399 381 erat
432 342 550 388 Dido,
581 344 698 381 talem
729 356 769 381 se
799 345 900 382 laeta
930 345 1078 382 ferebat

184 397 258 435 Per
285 396 449 443 medios,
480 395 627 434 instans
657 396 766 446 operi
795 397 1002 446 regnisque
1029 396 1175 436 futuris.

183 451 285 487 Tum
315 450 460 488 foribus
489 449 613 497 divae,
646 449 777 488 media
804 450 1000 488 testudine
1030 450 1178 499 templi,
1428 462 1502 500 505

183 504 326 553 Saepta
354 502 480 549 armis,
511 503 688 552 solioque
718 504 794 541 alte
824 503 989 541 subnixa
1016 503 1172 541 resedit.

185 558 275 594 Iura
303 558 423 595 dabat
452 557 635 606 legesque
663 556 763 603 viris,
795 569 1036 606 operumque
1064 558 1238 595 laborem

185 609 361 648 Partibus
390 611 584 659 aequabat
614 609 722 648 iustis
751 616 816 648 aut
845 617 948 648 sorte
976 611 1153 648 trahebat
1163 624 1172 657 ;

184 665 285 702 (jum
316 663 444 701 subito
474 665 628 701 Aeneas
657 676 846 702 concursu
878 664 1065 702 accedere
1096 676 1237 712 magno

184 718 339 755 Anthea
366 718 666 766 Sergestumque
696 717 801 755 videt
830 717 1048 766 fortemque
1079 717 1329 764 Cloanthum,
1430 729 1506 766 510

183 772 506 820 Teucrorumque
534 770 641 815 alios,
672 778 754 808 ater
782 783 881 820 quos
910 783 1079 820 aequore
1108 771 1221 808 turbo

185 824 409 874 Dispulerat
441 823 673 873 penitusque
701 824 794 861 alias
823 832 1004 862 avexerat
1032 837 1127 863 oras.

183 878 397 927 Obstupuit
426 877 539 916 simul
567 877 662 927 ipse,
695 877 807 915 simul
838 890 1041 927 percussus
1071 878 1240 916 Achates

184 931 426 981 Laetitiaque
455 938 658 980 metuque:
687 930 789 969 avidi
819 932 1056 980 coniungere
1085 932 1239 969 dextras

182 986 398 1032 Ardebant,
430 985 500 1023 sed
529 998 588 1022 res
618 984 771 1022 animos
801 983 999 1033 incognita
1028 985 1164 1022 turbat.
1429 996 1502 1034 515

185 1038 441 1077 Dissimulant
470 1046 508 1076 et
537 1038 640 1076 nube
669 1050 763 1075 cava
793 1039 1039 1087 speculantur
1067 1038 1210 1083 amicti,

184 1093 295 1141 Quae
323 1092 479 1130 fortuna
506 1091 607 1137 viris,
639 1092 803 1129 classem
834 1104 913 1140 quo
945 1092 1055 1129 litore
1085 1090 1272 1140 linquant,

184 1145 289 1195 Quid
319 1145 496 1184 veniant:
527 1144 678 1182 cunctis
707 1157 798 1182 nam
828 1144 918 1183 lecti
948 1144 1114 1182 navibus
1145 1145 1251 1183 ibant

183 1201 350 1239 Orantes
379 1198 546 1245 veniam,
578 1205 616 1236 et
646 1199 836 1247 templum
867 1199 1039 1236 clamore
1067 1198 1266 1248 petebant.

236 1255 451 1302 Postquam
481 1251 700 1301 introgressi
732 1260 770 1290 et
800 1265 929 1290 coram
961 1253 1054 1290 data
1082 1251 1197 1301 copia
1228 1251 1345 1297 fandi,
1431 1263 1506 1301 520

185 1306 382 1344 Maximus
414 1305 588 1344 Ilioneus
618 1306 774 1354 placido
804 1305 859 1343 sic
888 1312 1048 1354 pectore
1076 1305 1225 1354 coepit:

185 1361 238 1399 ‘O
267 1359 409 1410 regina,
440 1372 583 1397 novam
612 1358 674 1396 cui
704 1360 875 1397 condere
906 1357 1084 1408 Iuppiter
1110 1360 1246 1397 urbem

185 1413 440 1462 ‘Iustitiaque
470 1412 580 1451 dedit
605 1419 742 1462 gentes
771 1413 920 1450 frenare
950 1412 1149 1461 superbas,

184 1469 326 1505 ‘Troes
355 1474 393 1505 te
422 1466 562 1512 miseri,
593 1465 718 1504 ventis
747 1465 867 1503 maria
896 1465 1028 1503 omnia
1057 1465 1169 1512 vecti,

183 1521 387 1560 ‘Oramus:
417 1519 580 1570 prohibe
609 1518 790 1557 infandos
819 1532 842 1556 a
870 1519 1034 1557 navibus
1064 1519 1183 1568 ignes,
1428 1529 1503 1568 525

183 1576 321 1613 ‘Parce
349 1573 416 1624 pio
444 1573 586 1623 generi,
620 1581 658 1611 et
687 1572 850 1622 propius
880 1586 938 1611 res
968 1571 1099 1622 aspice
1128 1580 1289 1611 nostras.

187 1630 295 1666 ‘Non
325 1640 397 1666 nos
425 1634 492 1665 aut
520 1604 619 1665 ferio
650 1626 817 1676 Libycos
847 1627 1035 1676 populare
1065 1635 1226 1675 penates

184 1681 392 1720 ‘Venimus
419 1688 486 1719 aut
515 1687 643 1739 raptas
672 1681 722 1719 ad
752 1679 864 1718 litora
891 1686 1039 1718 vertere
1069 1681 1252 1729 praedas,

184 1737 293 1774 ‘Non
323 1747 370 1773 ea
397 1734 454 1772 vis
483 1733 616 1772 animo
645 1746 718 1771 nec
747 1741 855 1771 tanta
884 1733 1065 1782 superbia
1093 1732 1213 1770 victis.

183 1790 272 1827 ‘Est
300 1790 421 1834 locus,
454 1786 689 1837 Hesperiam
720 1787 825 1825 Graii
853 1786 1089 1836 cognomine
1118 1786 1264 1831 dicunt,
1431 1798 1450 1836 5
1457 1799 1505 1835 30

183 1844 320 1881 ‘Terra
347 1841 517 1890 antiqua,
548 1848 688 1890 potens
717 1840 832 1878 armis
861 1847 978 1889 atque
1007 1840 1125 1878 ubere
1153 1841 1316 1890 glaebae
1325 1853 1336 1887 3

183 1895 363 1935 ‘Oenotri
393 1896 549 1933 coluere
578 1893 666 1941 viri3
695 1906 800 1932 nunc
828 1894 931 1931 fama
960 1893 1131 1931 minores

183 1949 356 1988 ‘Italiam
386 1948 529 1987 dixisse
559 1947 670 1986 ducis
700 1948 751 1986 de
780 1946 940 1985 nomine
969 1954 1127 1997 gentem
1138 1959 1149 1994 5

180 2002 280 2041 ‘Hic
308 2015 442 2041 cursus
470 2001 552 2047 fuit,

181 2057 302 2096 ‘Cum
333 2055 464 2094 subito
493 2055 706 2104 adsurgens
733 2054 854 2092 fluctu
884 2053 1087 2092 nimbosus
1118 2052 1243 2093 Orion
1429 2065 1503 2104 535

181 2111 248 2148 ‘In
278 2111 380 2147 vada
408 2121 525 2146 caeca
554 2109 654 2156 tulit,
685 2107 917 2158 penitusque
947 2106 1177 2157 procacibus
1207 2105 1357 2144 Austris

182 2165 352 2212 ‘Perque
380 2163 506 2200 undas
536 2169 743 2211 superante
773 2163 855 2199 salo
885 2172 1031 2210 perque
1061 2160 1163 2198 invia
1191 2172 1283 2198 saxa

183 2215 393 2266 ‘Dispulit:
422 2216 499 2253 huc
527 2214 640 2264 pauci
670 2214 805 2253 vestris
835 2214 1067 2252 adnavimus
1097 2213 1182 2252 oris.

181 2270 321 2318 ‘Quod
359 2281 483 2318 genus
520 2268 597 2306 hoc
634 2267 863 2306 hominum?
901 2280 1051 2317 quaeve
1087 2267 1193 2305 hunc
1230 2273 1309 2304 tam
1344 2266 1506 2305 barbara

286 2334 435 2360 morem
