1687 2519
571 123 892 162 AENEJDOS
923 122 1036 161 ΜΒ.
1075 121 1111 161 J.
1394 94 1398 97 ’
1453 136 1504 173 39

181 209 443 256 Conveniunt,
474 218 672 259 stratoque
701 222 819 259 super
846 208 1104 248 discumbitur
1133 215 1250 248 ostro.
1428 222 1503 259 700

182 265 289 302 Dant
317 263 497 302 manibus
526 263 660 301 famuli
694 264 882 313 lymphas,
916 264 1178 312 Cereremque
1209 262 1385 301 canistris

181 317 417 367 Expediunt‚
457 316 659 366 tonsisque
692 318 817 355 ferunt
853 316 1037 355 mantelia
1070 316 1179 355 villis.

181 370 478 420 Quinquaginta
511 370 615 409 intus
646 372 822 416 famulae,
857 370 996 420 quibus
1028 370 1163 407 ordine
1195 370 1350 419 longam

181 426 286 464 Cura
316 437 461 474 penum
497 432 643 462 struere
676 432 711 462 et
746 424 912 462 flammis
947 424 1105 461 adolere
1138 431 1324 472 penate53

180 480 352 518 Centum
387 478 485 516 aliae
519 477 763 527 totidemque
798 491 909 527 pares
939 485 1068 515 aetate
1099 477 1275 523 ministri,
1425 489 1498 528 705

181 531 259 580 Qui
291 531 456 581 dapibus
492 544 646 569 mensas
680 539 842 570 onerent
874 539 912 569 et
947 532 1090 580 pocula
1122 537 1281 580 ponant.

180 587 265 623 Nec
299 598 379 623 non
411 592 449 623 et
479 584 587 635 Tyrii
621 598 690 634 per
723 584 857 622 limina
891 585 992 623 laeta
1024 585 1246 633 frequentes

180 640 422 684 Convenere,
457 638 551 676 toris
585 638 676 676 iussi
711 638 956 676 discumbere
987 637 1112 687 pictis.

181 692 374 730 Mirantur
407 692 512 730 dona
545 694 716 739 Aeneae,
751 691 936 729 mirantur
972 692 1102 729 Iulum

180 747 484 795 Flagrantesque
517 744 580 783 dei
614 746 742 783 vultus
773 744 1033 794 simulataque
1066 745 1183 783 verba
1423 756 1500 794 710

180 801 407 848 Pallamque
443 806 481 836 et
515 798 664 847 pictum
699 811 838 836 croceo
869 799 1048 836 velamen
1079 798 1258 837 acantho.

178 852 392 902 Praecipue
425 851 568 896 infelix,
603 851 702 902 pesti
733 852 876 890 devota
909 853 1070 899 futurae,

178 906 335 956 Expleri
367 914 541 944 mentem
573 906 710 956 nequit
744 905 990 955 ardescitque
1023 906 1173 944 tuendo

177 959 404 1006 Phoenissa,
437 966 476 998 et
509 959 651 1009 pariter
680 972 800 1009 puero
832 959 1025 1009 donisque
1057 967 1246 997 movetur.

177 1015 250 1052 Ille
280 1013 347 1052 ubi
380 1015 590 1063 complexu
623 1014 783 1051 Aeneae
817 1014 1000 1062 colloque
1033 1013 1222 1062 pependit
1421 1024 1495 1065 715

177 1069 226 1106 Et
260 1080 444 1116 magnum
478 1066 563 1105 falsi
594 1066 772 1116 implevit
801 1066 988 1116 genitoris
1019 1080 1206 1114 amorem,

176 1121 370 1171 Reginam
402 1120 510 1170 petit.
573 1122 690 1159 Haec
724 1120 858 1166 oculis,
891 1121 989 1158 haec
1023 1128 1180 1170 pectore
1215 1128 1298 1159 toto

177 1177 326 1212 Haeret
357 1182 395 1212 et
427 1174 622 1213 interdum
656 1174 803 1224 gremio
834 1175 950 1219 fovet,
984 1173 1106 1212 inscia
1141 1174 1259 1221 Dido,

176 1228 328 1267 Insidat
361 1236 529 1277 quantus
563 1227 726 1266 miserae
759 1229 866 1266 deus.
924 1230 978 1266 At
1012 1240 1161 1266 memor
1195 1227 1259 1266 ille

176 1282 313 1320 Matris
345 1281 548 1320 Acidaliae
582 1281 769 1331 paulatim
803 1282 959 1320 abolere
992 1282 1210 1331 Sychaeum
1422 1294 1497 1330 720

175 1335 331 1385 Incipit,
366 1342 405 1374 et
434 1334 523 1374 vivo
557 1343 680 1374 tentat
714 1343 956 1385 praevertere
991 1348 1124 1373 amore

175 1391 260 1428 Iam
293 1388 445 1439 pridem
476 1388 622 1427 resides
654 1389 807 1427 animos
839 1390 1081 1438 desuetaque
1115 1389 1243 1427 corda.

253 1445 467 1492 Postquam
498 1442 623 1492 prima
654 1443 765 1492 quies
796 1442 931 1492 epulis,
968 1456 1206 1492 mensaeque
1239 1451 1423 1491 remotae,

173 1498 352 1537 Crateras
384 1509 548 1546 magnos
583 1504 758 1534 statuunt
790 1504 827 1534 et
858 1496 948 1534 vina
983 1504 1182 1535 coronant.

173 1552 209 1589 It
240 1550 421 1600 strepitus
454 1549 566 1588 tectis
598 1563 816 1598 vocemque
848 1563 918 1599 per
947 1550 1077 1600 ampla
1105 1551 1283 1588 volutant
1422 1563 1493 1601 725

170 1604 307 1652 Atria3
341 1604 567 1653 dependent
599 1605 729 1654 lychni
763 1604 1009 1653 laquearibus
1041 1604 1165 1642 aureis

173 1657 342 1704 Incensi,
379 1665 416 1696 et
447 1665 606 1696 noctem
642 1657 808 1696 flammis
842 1658 987 1696 funalia
1018 1657 1189 1695 vincunt.

174 1712 252 1749 Hic
283 1711 417 1761 regina
447 1724 602 1761 gravem
633 1711 796 1762 gemmis
831 1724 1003 1761 auroque
1035 1711 1218 1761 poposcit

172 1765 436 1814 Implevitque
471 1778 577 1803 mero
610 1773 795 1815 pateram,
828 1778 946 1814 quam
979 1766 1094 1803 Belus
1128 1772 1166 1803 et
1197 1778 1335 1804 omnes

171 1821 205 1856 A
238 1819 335 1856 Belo
367 1817 493 1865 soliti;
529 1828 611 1856 tum
642 1820 742 1856 facta
778 1818 930 1856 silentia
958 1819 1095 1857 tectis:
1419 1830 1493 1869 730

171 1872 382 1922 ‘Iuppiter,
417 1872 637 1921 hospitibus
672 1886 761 1910 nam
799 1880 835 1910 te
869 1873 961 1910 dare
993 1872 1074 1910 iura
1109 1873 1332 1921 loquuntur,

171 1927 317 1964 ‘Hunc
348 1926 491 1963 laetum
528 1926 732 1976 Tyriisque
767 1926 871 1964 diem
903 1925 1100 1974 Troiaque
1134 1925 1317 1975 profectis

170 1979 293 2018 ‘Esse
327 1979 431 2026 velis,
468 1988 701 2029 nostrosque
736 1979 849 2017 huius
883 1979 1109 2017 meminisse
1140 1979 1320 2018 minores.

171 2033 308 2071 ‘Adsit
339 2032 508 2071 laetitiae
542 2034 721 2071 Bacchus
755 2035 866 2072 dator
896 2041 933 2071 et
965 2034 1070 2071 bona
1101 2035 1227 2079 Iuno;

170 2088 243 2125 ‘Et
276 2099 346 2125 vos
380 2100 404 2125 o
435 2094 604 2133 coetum,
638 2086 754 2136 Tyrii,
793 2087 988 2125 celebrate
1021 2086 1221 2125 faventes.'
1417 2097 1490 2135 735

171 2140 287 2187 Dixit,
319 2147 358 2179 et
386 2140 427 2178 in
456 2153 632 2178 mensam
662 2140 818 2178 laticum
849 2140 983 2178 libavit
1013 2141 1214 2186 honorem,

169 2195 377 2242 Primaque
407 2193 526 2232 libato
556 2207 710 2232 summo
740 2201 852 2232 tenus
881 2193 1007 2243 attigit
1035 2206 1129 2242 ore;

166 2249 271 2286 Tum
302 2247 426 2286 Bitiae
454 2247 562 2285 dedit
593 2248 852 2297 increpitan53
880 2247 944 2286 ille
974 2247 1124 2296 inpiger
1151 2246 1280 2286 hausit

166 2303 421 2353 Spumantem
452 2310 626 2350 pateram
657 2309 695 2339 et
724 2303 844 2351 pleno
873 2314 915 2340 se
942 2302 1085 2350 proluit
1113 2313 1231 2350 auro3
