1687 2519
570 131 889 171 AENEJDOS
922 133 1032 171 ΠΒ.
1073 134 1108 171 J.
1453 146 1501 183 23

175 217 271 255 Hoc
299 223 491 262 metuens,
521 217 747 266 molemque
776 223 815 255 et
843 224 999 255 montes
1026 216 1186 267 insuper
1213 217 1315 257 altos

174 270 383 320 Imposuit,
414 282 625 320 regemque
654 269 776 318 dedit,
809 268 876 318 qui
905 270 1062 308 foedere
1091 278 1197 310 certo

173 324 225 361 Et
252 336 426 373 premere
456 330 494 362 et
522 324 625 361 laxas
655 323 769 362 sciret
797 323 890 362 dare
918 323 1043 361 iussus
1072 324 1257 362 habenas.

172 376 236 415 Ad
265 389 384 426 quem
417 384 500 416 tum
536 377 638 415 Iuno
672 378 838 426 supplex
870 376 929 415 his
961 377 1123 416 vocibus
1157 391 1229 418 usa.
1258 385 1339 417 est:

228 431 383 478 ‘Aeole‚
405 443 576 480 namque
597 430 667 468 tibi
688 430 821 469 divom
843 432 958 469 Pater
976 438 1093 480 atque
1114 431 1317 469 hominum
1340 445 1405 470 rex
1449 435 1497 483 65

173 485 248 522 ‘Et
281 486 452 522 mulcere
487 484 596 523 dedit
626 485 767 523 fluctus
801 491 839 522 et
872 485 1007 523 tollere
1042 493 1172 531 vento,

173 538 303 576 ‘Gens
334 536 490 576 inimica
522 537 616 576 mihi
646 538 892 588 Tyrrhenum
925 537 1081 588 navigat
1111 551 1270 588 aequor,

173 591 312 629 ‘Ilium
347 591 387 629 in
419 591 573 629 Italiam
609 599 770 641 portans
801 590 1006 641 victosque
1038 593 1228 631 Penates:

173 646 334 683 ‘Incute
363 644 443 682 vim
473 644 598 683 ventis
632 646 929 694 submersasque
963 645 1084 684 obrue
1119 658 1282 695 puppes,

172 700 274 736 ‘Aut
306 711 377 748 age
408 697 581 736 diversos
611 705 650 736 et
684 698 820 736 disiice
850 711 1015 747 corpora
1049 708 1183 747 ponto.
1447 710 1496 749 70

173 753 291 790 ‘Sunt
321 751 416 789 mihi
447 751 506 790 bis
540 759 689 801 septem
724 752 934 801 praestanti
969 765 1130 801 corpore
1165 753 1386 802 Nymphae,

173 805 374 853 ‘Quarum
410 818 511 854 quae
539 806 663 843 forma
694 805 953 855 pulcherrima
986 805 1176 855 Deiopea,

171 859 377 897 ‘Conubio
408 858 566 908 iungam
598 858 727 897 stabili
757 858 1032 909 propriamque
1065 860 1217 908 dicabo,

171 913 345 951 ‘Omnes
379 920 421 950 ut
455 920 584 951 tecum
622 911 766 950 meritis
799 926 871 962 pro
903 913 1044 951 talibus
1076 927 1201 951 annos

173 966 337 1016 ‘Exigat
367 974 405 1004 et
439 967 598 1015 pulchra
631 966 748 1004 faciat
779 974 817 1004 te
849 967 960 1016 prole
994 967 1222 1016 parentem.’
1448 980 1493 1019 75

222 1021 369 1058 Aeolus
401 1020 501 1058 haec
531 1028 690 1058 contra:
731 1021 787 1057 ‘T
792 1033 875 1066 uus,
908 1020 944 1059 O
974 1020 1117 1070 regina,
1153 1020 1248 1070 quid
1278 1030 1403 1072 optes,

171 1074 407 1123 ‘Explorare
440 1074 574 1121 labor3
613 1073 708 1111 mihi
738 1073 843 1112 iussa
875 1086 1077 1123 capessere
1108 1075 1164 1112 fas
1199 1082 1267 1115 est.

173 1129 255 1165 ‘Tu
289 1127 384 1165 mihi
418 1128 698 1177 quodcumque
733 1129 809 1165 hoc
842 1127 961 1177 regni,
996 1136 1034 1166 tu
1069 1136 1222 1177 sceptra
1256 1130 1473 1180 Iovemque

170 1181 402 1227 ‘Concilias,
438 1188 479 1219 tu
514 1182 584 1220 das
619 1180 744 1230 epulis
778 1182 1012 1219 accumbere
1044 1182 1188 1227 divom,

169 1234 506 1284 ‘Nimborumque
537 1234 630 1273 facis
665 1242 1024 1284 tempestatumque
1059 1237 1288 1285 potentem!
1443 1240 1493 1276 80

222 1290 337 1326 Haec
368 1288 435 1327 ubi
461 1288 575 1335 dicta,
609 1301 748 1326 cavum
782 1301 970 1327 conversa
1003 1288 1165 1338 cuspide
1201 1296 1375 1328 montem

167 1342 314 1391 Inpulit
341 1341 381 1380 in
414 1344 539 1380 latus:
577 1355 623 1380 ac
653 1341 758 1381 venti
786 1343 893 1380 velut
926 1343 1081 1392 agmine
1112 1344 1225 1389 facto,

166 1396 255 1445 Qua
287 1396 378 1434 data
412 1403 534 1445 porta,
569 1403 687 1433 ruunt
721 1403 759 1434 et
789 1403 909 1434 terras
942 1396 1097 1435 turbine
1129 1398 1303 1447 perflant.

167 1451 389 1488 Incubuere
418 1449 526 1497 mari,
557 1457 764 1499 totumque
794 1463 816 1487 a
847 1449 1005 1488 sedibus
1039 1450 1126 1488 imis

166 1504 257 1542 Una
291 1505 495 1553 Eurusque
527 1504 737 1553 Notusque
767 1510 885 1541 ruunt
918 1505 1131 1553 creberque
1161 1504 1341 1554 procellis
1442 1508 1489 1555 85

165 1556 327 1603 Africus,
362 1565 399 1595 et
431 1565 562 1596 vastos
593 1558 754 1595 volvont
787 1557 837 1595 ad
867 1557 982 1595 litora
1011 1558 1161 1596 fluctus.

165 1610 387 1660 Insequitur
416 1612 641 1660 clamorque
669 1611 794 1648 virum
823 1611 1041 1659 stridorque
1073 1613 1291 1650 rudentum.

166 1664 343 1714 Eripiunt
375 1664 505 1703 subito
536 1665 662 1703 nubes
697 1665 929 1715 caelumque
961 1665 1145 1715 diemque

162 1719 404 1757 Teucrorum
439 1731 485 1757 ex
519 1718 666 1765 oculis;
704 1726 828 1768 ponto
859 1732 938 1757 nox
970 1718 1129 1757 incubat
1161 1728 1252 1758 atra.

164 1773 377 1810 Intonuere
407 1772 487 1821 poli
518 1780 556 1810 et
590 1771 732 1810 C1ebris
763 1771 881 1810 micat
915 1771 1069 1822 ignibus
1103 1774 1249 1821 aether,
1441 1787 1490 1824 90

163 1827 493 1874 Praesentemque
526 1825 614 1863 viris
649 1825 844 1864 intentant
878 1825 1011 1864 omnia
1041 1835 1219 1865 mortem.

163 1880 372 1929 Extemplo
403 1881 563 1917 Aeneae
597 1880 800 1917 solvuntur
832 1879 971 1928 frigore
1006 1881 1205 1929 membra3

162 1933 344 1983 Ingemit,
377 1940 414 1971 et
445 1933 623 1982 duplices
656 1933 821 1971 tendens
852 1934 902 1971 ad
935 1932 1064 1972 sidera
1096 1935 1246 1983 palmas

160 1987 272 2024 Talia
302 1999 400 2025 voce
433 1987 571 2025 refert:
612 1987 671 2026 ‘O
706 1994 841 2036 terque
873 1994 1086 2036 quaterque
1118 1988 1232 2034 beati,

161 2040 282 2089 ‘Quis
315 2048 406 2079 ante
439 2053 507 2078 ora
536 2048 691 2090 patrum
722 2040 864 2079 Troiae
895 2042 967 2079 sub
999 2041 1205 2080 moenibus
1237 2041 1324 2080 altis
1438 2055 1485 2094 95

162 2093 359 2144 ‘Contigit
393 2096 603 2143 oppetere!
643 2106 666 2132 0
699 2094 882 2132 Danaum
913 2094 1120 2133 fortissime
1153 2096 1280 2145 gentis

161 2147 348 2197 ‘Tydide,
384 2160 498 2185 mene
531 2147 660 2185 Iliacis
691 2148 924 2186 occumbere
956 2148 1104 2197 campis

162 2203 279 2240 ‘Non
312 2200 486 2251 potuisse
517 2208 662 2249 tuaque
694 2200 865 2239 animam
896 2202 998 2239 hanc
1032 2202 1232 2241 effundere
1263 2204 1410 2252 dextra,

161 2256 328 2293 ‘Saevus
361 2253 428 2293 ubi
458 2255 657 2292 Aeacidae
688 2255 766 2292 telo
797 2255 899 2293 iacet
931 2257 1095 2300 Hector,
1129 2256 1194 2293 ubi
1232 2257 1367 2308 ingens

161 2309 397 2359 ‘Sarped0n,
431 2307 500 2347 ubi
530 2315 588 2346 tot
622 2307 763 2347 Simois
797 2316 975 2359 correpta
1004 2311 1076 2348 sub
1108 2310 1223 2348 undis
1414 2325 1488 2351 100
