1687 2519
692 0 708 23 ἶ

132 128 179 165 26
466 129 510 166 P.
563 130 812 168 VERGJLJ
845 131 1124 170 MARONJS

132 215 385 263 Prospectum
416 215 494 253 late
527 215 666 265 pelago
697 214 806 265 petit,
837 217 994 255 Anthea
1024 216 1056 255 si
1088 230 1206 267 quem

134 267 324 305 lactatum
354 274 472 306 vento
504 268 634 319 videat
669 268 933 319 Phrygiasque
967 269 1143 316 biremes,

130 321 208 358 Aut
239 321 390 380 Capyn,
426 328 494 360 aut
524 322 640 360 celsis
669 321 707 359 in
739 324 936 372 puppibus
967 336 1074 362 arma
1104 323 1223 363 Caici.

130 374 282 412 Navem
315 374 355 412 in
389 384 605 424 conspectu
636 376 795 422 nullam,
827 383 902 414 tres
931 376 1042 415 litore
1071 390 1205 416 cervos

134 426 323 476 Prospicit
357 435 553 475 errantes,
591 422 663 466 hos
694 436 775 466 tota
803 437 981 468 armenta
1009 438 1224 479 sequuntur
1380 433 1449 481 185
1484 457 1496 471 ,

132 482 162 517 Α
193 487 311 530 tergo,
342 488 380 519 et
410 482 568 531 longum
598 494 666 531 per
694 483 813 520 valles
842 483 1012 531 pascitur
1039 496 1190 543 agmen.

131 533 316 572 Constitit
344 533 418 579 hic,
449 548 659 584 arcumque
688 547 806 573 manu
837 537 1059 585 celeresque
1093 537 1250 586 sagittas

132 586 340 636 Corripuit,
371 588 471 626 fidus
501 601 601 637 quae
632 590 708 626 tela
735 589 893 638 gerebat
921 590 1104 637 Achates,

134 641 405 690 Ductoresque
435 641 540 690 ipsos
569 641 748 691 primum,
781 642 907 692 capita
936 644 1014 681 alta
1041 644 1206 682 ferentes

131 693 325 733 Cornibus
353 695 534 741 arboreis,
565 695 721 743 sternit;
763 704 846 734 tum
877 697 1011 746 volgus
1039 705 1077 735 et
1106 710 1264 736 omnem
1382 709 1454 746 190

133 746 274 786 Miscet
302 761 421 798 agens
449 748 534 786 telis
564 762 723 788 nemora
750 748 849 787 inter
878 750 1039 788 frondea
1068 751 1219 789 turbam
1235 765 1244 797 ;

131 802 218 839 Nec
246 801 352 851 prius
381 801 543 849 absistit,
575 815 691 851 quam
722 810 872 852 septem
902 803 1074 853 ingentIa
1104 803 1225 842 victor

131 855 308 904 Corpora
327 856 465 894 fundat
494 856 603 894 humi
633 864 671 894 et
701 868 903 894 numerum
934 870 1024 895 cum
1053 857 1216 895 navibus
1247 865 1396 906 aequet.

133 906 240 946 Hinc
268 917 423 958 portum
453 909 562 958 petit,
593 917 630 947 et
661 909 787 948 socios
816 910 976 959 partitur
1005 910 1044 948 in
1073 923 1220 949 omnes.

131 961 236 999 Vina
264 962 390 1000 bonus
419 975 518 1012 quae
548 962 694 1001 deinde
723 963 830 1001 cadis
860 971 1036 1002 onerarat
1063 965 1226 1002 Acestes
1382 975 1453 1014 195

134 1014 266 1053 Litore
294 1015 495 1054 Trinacrio
524 1017 764 1065 dederatque
793 1017 1030 1055 abeuntibus
1057 1018 1182 1064 heros,

135 1068 296 1115 Dividit,
327 1077 365 1108 et
394 1069 508 1108 dictis
537 1069 749 1108 maerentia
778 1078 937 1119 pectora
966 1071 1134 1116 mulcet3

135 1122 192 1161 ‘O
223 1122 330 1168 socii,
365 1123 511 1173 <neque
539 1123 643 1162 enim
672 1123 791 1173 ignari
822 1137 954 1162 sumus
984 1132 1074 1162 ante
1104 1124 1323 1174 malorum),

134 1176 193 1215 ‘O
222 1176 324 1225 passi
353 1177 542 1226 graviora,
571 1177 680 1215 dabit
708 1177 805 1215 deus
833 1177 892 1215 his
922 1190 1079 1227 quoque
1112 1179 1242 1218 finem.

134 1230 239 1267 ‘Vos
267 1238 305 1268 et
335 1231 549 1280 Scyllaeam
578 1231 726 1269 rabiem
755 1231 990 1280 penitusque
1019 1240 1205 1269 sonantes
1383 1244 1456 1268 200

135 1282 330 1321 ‘Accestis
359 1285 551 1333 scopulos,
584 1297 652 1323 vos
682 1291 719 1322 et
749 1284 949 1334 Cyclopea
977 1297 1068 1323 saxa

135 1336 342 1386 ‘Expertiz
381 1345 561 1376 revocate
589 1338 752 1386 animos,
782 1346 1053 1387 maestumque
1082 1337 1261 1376 timorem

136 1389 328 1439 ‘Mittite3
356 1392 485 1429 forsan
515 1398 552 1429 et
581 1393 678 1430 haec
707 1393 800 1431 olim
830 1391 1053 1430 meminisse
1082 1391 1238 1430 iuvabit.

134 1446 143 1463 ⁴
160 1445 232 1482 Per
261 1443 386 1483 varios
414 1458 537 1492 casus,
568 1458 636 1494 per
665 1453 721 1484 tot
750 1445 975 1485 discrimina
1003 1459 1128 1484 rerum

135 1497 380 1536 ‘Tendimus
410 1497 449 1536 in
479 1498 644 1544 Latium,
676 1501 789 1539 sedes
818 1499 883 1538 ubi
912 1499 988 1537 fata
1017 1498 1168 1548 quietas
1383 1510 1454 1548 205

138 1553 147 1571 ‘
165 1551 419 1599 Ostendunt3
455 1551 533 1590 illic
563 1553 618 1590 fas
647 1565 764 1602 regna
792 1565 987 1602 resurgere
1015 1552 1166 1591 Troiae.

139 1605 323 1651 ‘Durate,
354 1612 392 1643 et
420 1612 573 1644 vosmet
602 1606 716 1645 rebus
744 1614 893 1645 servate
922 1606 1128 1644 secundis.'

188 1658 301 1696 Talia
330 1671 427 1697 voce
457 1660 582 1707 refert,
616 1660 795 1710 curisque
827 1659 1045 1710 ingentibus
1075 1672 1189 1707 aeger

134 1712 252 1761 Spem
272 1713 380 1750 voltu
410 1711 576 1759 simulat,
608 1714 746 1762 premit
775 1715 897 1751 altum
927 1713 1043 1752 corde
1074 1714 1261 1752 dolorem.

139 1765 200 1802 Illi
230 1778 270 1804 se
299 1766 466 1815 praedae
495 1766 702 1816 accingunt
731 1767 978 1817 dapibusque
1007 1767 1164 1805 futuris:
1383 1778 1458 1804 210

136 1819 307 1869 Tergora
335 1819 519 1869 diripiunt
549 1820 666 1858 cost1s
696 1828 733 1859 et
762 1821 909 1859 viscera
937 1820 1099 1866 nudant,

138 1873 230 1910 Pars
260 1872 299 1910 in
327 1873 446 1911 frusta
475 1881 608 1912 secant
635 1873 867 1923 veribusque
896 1873 1101 1912 trementia
1130 1875 1263 1923 figunt,

138 1926 270 1964 Litore
300 1928 399 1964 aena
429 1928 560 1965 locant
589 1926 653 1965 alii
683 1928 938 1976 flammasque
968 1926 1194 1965 ministrant.

136 1980 239 2017 Tum
267 1979 371 2018 victu
401 1988 584 2018 revocant
614 1981 725 2028 vires,
755 1980 910 2030 fusique
938 1993 1007 2030 per
1035 1982 1195 2018 herbam

138 2033 343 2082 Inplentur
370 2033 509 2072 veteris
540 2034 686 2073 Bacchi
714 2034 946 2084 pinguisque
975 2033 1127 2072 ferinae.
1385 2045 1458 2084 215

139 2087 352 2136 Postquam
382 2094 566 2136 exempta
596 2089 716 2126 fames
748 2088 872 2137 epulis
906 2100 1141 2136 mensaeque
1174 2094 1356 2134 remotae,

137 2140 312 2178 Amissos
342 2141 459 2190 longo
489 2140 616 2179 socios
646 2154 825 2180 sermone
854 2140 1050 2190 requirunt

137 2193 336 2243 Spemque
365 2201 591 2244 metumque
621 2194 719 2233 inter
747 2193 866 2241 dubii,
899 2207 965 2232 seu
994 2193 1122 2232 vivere
1151 2194 1309 2232 credant

137 2246 225 2285 Sive
254 2254 425 2285 extrema
454 2247 533 2297 pati
563 2261 635 2286 nec
665 2248 740 2286 iarn
771 2247 953 2286 exaudire
984 2255 1152 2285 vocatos

141 2299 352 2350 Praecipue
380 2300 466 2350 pius
495 2303 651 2340 Aeneas
680 2314 784 2339 nunc
812 2300 908 2339 acris
938 2300 1089 2347 Oronti,
1385 2312 1461 2338 220
