1687 2519
489 604 532 647 P.
572 606 837 648 VERGILI
881 607 1177 650 MARONIS

462 734 1192 796 AENEIDOS

615 873 784 909 LIBER
824 873 1050 911 PRIMUS.

225 1003 314 1057 [Ille
335 1019 406 1055 ego,
438 1007 508 1055 qui
537 1007 727 1055 quondam
755 1008 897 1056 gracili
925 1009 1140 1045 modulatius
1168 1021 1289 1046 avena

229 1060 406 1106 Carmen,
435 1065 469 1097 et
495 1073 653 1108 egressus
685 1060 793 1098 silvis
821 1062 943 1098 vicina
972 1062 1070 1110 coegi

225 1119 270 1150 ul
285 1114 461 1161 quamvis
489 1115 602 1151 avido
621 1119 806 1162 parerent
836 1127 936 1152 arva
965 1116 1098 1161 colono,

219 1172 375 1216 gratum
404 1173 495 1216 opus
521 1168 703 1216 agricolis,
733 1173 776 1205 al
801 1181 900 1205 nunc
926 1169 1119 1206 horrentia
1148 1166 1327 1221 Martis]

171 1306 298 1341 ARMA
327 1303 531 1353 virumque
562 1316 673 1351 cano,
706 1302 849 1341 Troiae
878 1302 945 1352 qui
975 1302 1122 1352 primus
1152 1304 1201 1340 ab
1232 1301 1308 1341 oris

172 1357 325 1396 Italiam
355 1358 435 1395 fato
465 1358 649 1407 profugus
681 1356 908 1406 Lavinaque
938 1357 1045 1395 venit

171 1411 313 1457 Litora,
345 1412 514 1449 multum
544 1411 607 1448 ille
637 1418 676 1449 et
710 1410 820 1448 terris
850 1411 1014 1448 iactatus
1045 1419 1083 1449 et
1112 1412 1192 1449 alto

169 1465 218 1503 Vi
253 1478 448 1514 superum,
479 1475 618 1503 ‘saevae
648 1477 863 1502 memorem
895 1464 1060 1502 Iunonis
1090 1465 1140 1502 ob
1170 1464 1278 1512 iram,

172 1521 300 1557 Multa
330 1532 487 1568 quoque
517 1527 555 1557 et
584 1519 689 1557 bello
719 1531 867 1568 passus,
899 1519 993 1556 dum
1024 1519 1212 1556 conderet
1241 1518 1376 1556 urbem

172 1574 414 1621 Inferretque
445 1574 541 1610 deos
571 1572 697 1618 Latio,
729 1585 852 1621 genus
882 1573 987 1610 unde
1019 1573 1204 1610 Latinum

171 1626 393 1676 Albanique
422 1635 551 1676 patres
580 1634 698 1675 atque
728 1627 828 1663 altae
858 1626 1015 1664 moenia
1045 1627 1211 1664 Romae.

225 1682 356 1727 Musa,
384 1680 480 1718 mihi
509 1693 646 1718 causas
676 1692 860 1726 memora,
892 1692 969 1728 quo
1001 1680 1160 1717 numine
1190 1681 1296 1718 laeso

172 1734 329 1782 Quidve
358 1735 498 1772 dolens
527 1733 659 1783 regina
688 1734 805 1771 deum
836 1741 894 1771 tot
922 1735 1076 1771 volvere
1106 1746 1219 1772 casus

171 1787 374 1837 Insignem
404 1788 548 1837 pietate
579 1787 713 1833 virum,
746 1795 803 1824 tot
833 1787 939 1825 adire
968 1787 1119 1825 labores

172 1841 372 1890 Inpulerit.
431 1843 634 1879 Tantaene
663 1840 803 1878 animis
832 1840 1065 1879 caelestibus
1094 1841 1203 1880 irae?

226 1896 331 1934 Urbs
360 1894 521 1943 antiqua
549 1895 629 1940 fuit,
659 1894 765 1943 Tyrii
796 1902 956 1932 tenuere
985 1894 1127 1941 coloni,

173 1949 388 1998 Karthago,
421 1948 576 1986 Italiam
606 1955 741 1986 contra
770 1947 1034 1997 Tiberinaque
1063 1949 1179 1998 longe

171 2002 294 2048 Ostia,
325 2003 434 2040 dives
464 2015 584 2051 opum
615 2001 830 2051 studiisque
859 2002 1070 2051 asperrima
1099 2002 1191 2040 belli
1208 2016 1216 2049 3

171 2057 301 2104 Quam
334 2058 436 2094 Iuno
464 2056 581 2094 fertur
610 2055 719 2094 terris
748 2054 870 2105 magis
899 2055 1082 2093 omnibus
1111 2069 1229 2094 unam

170 2109 401 2149 Posthabita
429 2109 597 2148 coluisse
627 2110 769 2147 Samo:
808 2108 870 2147 hic
899 2108 1001 2147 illius
1030 2122 1148 2156 arma,

172 2164 253 2201 Hic
281 2176 414 2201 currus
443 2163 514 2201 fuit
529 2177 539 2211 3
579 2163 655 2201 hoe
683 2176 844 2212 regnum
875 2163 949 2201 dea
977 2163 1159 2213 gentibus
1188 2176 1285 2210 esse,

170 2217 208 2256 Si
239 2230 317 2266 qua
345 2218 424 2255 fata
453 2217 593 2263 sinant,
623 2216 701 2254 iam
730 2224 814 2254 tum
843 2216 1047 2266 tenditque
1076 2217 1271 2266 fovetque.

171 2270 405 2320 Progeniem
434 2271 505 2309 sed
533 2269 637 2309 enim
666 2268 841 2308 Troiano
870 2282 893 2308 a
922 2270 1112 2320 sanguine
1142 2269 1233 2309 duci

172 2324 372 2372 Audierat,
401 2323 539 2375 Tyrias
568 2323 661 2363 olim
692 2336 793 2374 quae
823 2331 988 2362 verteret
1016 2337 1125 2363 arces
1137 2338 1150 2374 5

1454 1800 1501 1824 10

1451 2336 1501 2363 20
