1687 2519
155 148 202 184 32
491 135 536 172 P.
587 135 841 174 VERGJLJ
871 135 1151 175 MARONIS

155 218 320 258 Miratur
347 219 493 257 molem
523 221 690 266 Aeneas,
722 219 888 270 magalia
916 222 1129 270 quondam,

156 273 322 311 Miratur
351 281 482 322 portas
512 273 795 323 strepitumque
824 282 862 312 et
891 281 1008 312 strata
1037 275 1195 314 viarum.

157 328 309 365 Instant
337 327 519 365 ardentes
548 326 666 377 Tyrii,
698 340 786 376 pars
815 327 958 366 ducere
988 341 1120 367 muros

156 380 366 430 Molirique
396 393 523 419 arcem
555 388 592 419 et
622 380 803 419 manibus
832 381 1062 420 subvolvere
1091 395 1195 429 saxa,

156 435 249 472 Pars
278 441 414 483 optare
443 434 574 472 locum
604 440 709 472 tecto
739 442 777 472 et
807 435 1044 473 concludere
1074 437 1194 474 sulco.

155 489 246 525 Iura
275 487 600 536 magistratusque
627 488 760 537 legunt
789 495 1049 537 sanctumque
1078 497 1266 528 senatum.

158 540 239 578 Hic
268 548 402 590 portus
431 540 495 577 alii
527 540 737 588 effodiunt3
774 539 867 578 hinc
896 542 976 579 lata
1004 541 1163 580 theatris

157 595 429 632 Fundamenta
457 601 595 644 petunt
625 593 699 640 alii,
729 593 986 644 inmanesque
1015 596 1217 634 columnas

157 647 336 697 Rupibus
366 647 561 694 excidunt,
592 647 743 686 scaenis
773 648 916 687 decora
943 649 1020 686 alta
1049 649 1203 689 futuris:

159 701 296 751 Qualis
326 714 421 751 apes
449 708 597 740 aestate
626 714 729 740 nova
756 714 827 751 per
854 702 974 741 florea
1002 715 1088 740 rura

156 756 321 793 Exercet
350 755 422 793 sub
452 755 535 794 sole
563 756 684 802 labor,
715 768 804 793 curn
833 755 960 806 gentis
989 756 1144 795 adultos

158 809 344 847 Educunt
374 809 485 857 fetus,
518 816 585 847 aut
612 821 703 846 cum
733 808 923 858 liquentia
950 810 1067 848 mella

162 862 327 911 Stipant,
357 870 396 901 et
425 861 532 901 dulci
562 861 790 901 distendunt
821 869 975 901 nectare
1005 864 1132 911 cellas,

156 918 236 953 Aut
266 928 385 954 onera
413 915 610 965 accipiunt
637 915 875 964 venientum,
906 924 972 955 aut
1000 916 1156 966 agmine
1184 918 1288 956 facto

158 971 349 1019 Ignavum
378 970 488 1007 fucos
516 982 636 1019 pecus
665 982 687 1007 a
715 969 971 1020 praesepibus
1000 978 1156 1017 arcent;

158 1024 298 1061 Fervet
327 1035 439 1072 opus,
469 1023 726 1072 redolentque
756 1024 892 1072 thymo
922 1023 1130 1072 fragrantia
1159 1025 1285 1062 mella.

160 1077 213 1116 ‘O
243 1076 438 1123 fortunati,
470 1088 637 1125 quorum
665 1076 743 1114 iam
772 1075 928 1115 moenia
957 1077 1154 1126 surgunt!'

158 1132 314 1168 Aeneas
343 1130 407 1176 ait,
439 1137 478 1167 et
506 1129 657 1180 fastigia
686 1129 847 1179 suspicit
876 1130 990 1168 urbis.

159 1184 281 1222 Infert
310 1196 351 1221 se
381 1190 537 1232 saeptus
566 1184 709 1222 nebula
739 1183 932 1233 (mirabile
961 1183 1086 1234 dictu)

160 1239 232 1275 Per
261 1236 413 1276 medios
442 1236 657 1286 miscetque
685 1236 787 1281 viris,
818 1250 946 1286 neque
975 1237 1144 1276 cernitur
1172 1238 1248 1277 ulli.

213 1292 344 1329 Lucus
373 1290 412 1328 in
442 1292 538 1328 urbe
566 1290 638 1328 fuit
667 1289 807 1337 media,
838 1290 1070 1329 laetissimus
1101 1293 1275 1338 umbrae,

119 1351 127 1354 ⁴
159 1345 251 1392 Quo
280 1343 447 1394 primum
477 1343 607 1382 iactati
636 1343 750 1382 undis
780 1352 818 1383 et
846 1344 1000 1383 turbine
1029 1344 1155 1383 Poeni

160 1398 344 1437 Effodere
371 1398 460 1436 loco
489 1397 654 1448 signum,
685 1398 793 1447 quod
822 1398 925 1448 regia
956 1400 1058 1437 Iuno

161 1453 412 1499 Monstrarat,
441 1459 562 1501 caput
590 1451 688 1490 acris
717 1451 826 1502 equi:
869 1451 924 1490 sic
953 1465 1044 1490 nam
1073 1452 1153 1492 fore
1183 1453 1287 1492 bello

159 1505 364 1555 Egregiam
395 1512 433 1543 et
462 1504 616 1543 facilem
645 1505 748 1544 victu
778 1518 848 1554 per
877 1506 1032 1544 saecula
1059 1513 1226 1556 gentem.

160 1559 240 1596 Hic
269 1560 458 1609 templum
488 1557 633 1598 Iunoni
661 1557 798 1608 ingens
828 1558 990 1598 Sidonia
1019 1559 1127 1598 Dido

159 1613 379 1658 Condebat,
411 1612 526 1651 donis
556 1613 787 1662 opulentum
817 1619 855 1651 et
885 1611 1045 1651 numine
1075 1612 1201 1660 divae,

157 1667 285 1704 Aerea
313 1665 375 1704 cui
404 1666 589 1715 gradibus
619 1667 827 1716 surgebant
856 1666 989 1704 limina
1018 1679 1221 1716 nexaeque

159 1722 260 1757 Aere
291 1720 428 1766 trabes,
460 1719 607 1758 foribus
636 1721 754 1758 cardo
785 1719 971 1758 stridebat
1000 1719 1117 1758 aenis.

160 1774 254 1811 Hoc
283 1773 452 1823 primum
482 1772 522 1811 in
550 1774 639 1811 luco
668 1786 770 1811 nova
799 1785 859 1811 res
888 1774 1021 1811 oblata
1049 1773 1230 1812 timorem

158 1826 312 1875 Leniit3
340 1825 404 1864 hic
435 1826 602 1876 primum
633 1829 788 1865 Aeneas
817 1839 970 1876 sperare
999 1827 1162 1865 salutem

158 1881 288 1918 Ausus
319 1887 357 1918 et
386 1879 551 1918 adflictis
582 1879 719 1919 melius
750 1880 947 1918 confidere
976 1882 1102 1919 rebus.

159 1935 342 1983 Namque
372 1935 445 1972 sub
476 1933 623 1982 ingenti
653 1934 787 1972 lustrat
817 1934 911 1972 dum
941 1933 1091 1983 singula
1121 1934 1272 1982 templo

160 1987 353 2036 Reginam
384 1987 604 2036 opperiens,
636 1987 741 2033 dum,
772 2000 872 2036 quae
900 1988 1055 2025 fortuna
1084 1986 1132 2025 sit
1161 1987 1257 2034 urbi,

157 2040 442 2089 Artificumque
471 2053 610 2078 manus
638 2039 738 2078 inter
766 2053 807 2080 se
835 2053 1078 2090 operumque
1106 2041 1280 2079 laborem

161 2093 337 2140 Miratur,
369 2094 475 2133 videt
506 2093 644 2132 Iliacas
674 2107 721 2132 ex
750 2094 888 2132 ordine
918 2107 1066 2144 pugnas

161 2148 350 2197 Bellaque
380 2146 455 2184 iam
485 2148 589 2185 fama
618 2155 743 2186 totum
773 2148 927 2195 volgata
956 2160 1025 2196 per
1053 2147 1197 2195 orbem,

160 2199 318 2239 Atridas
350 2200 625 2249 Priamumque
655 2208 694 2239 et
723 2213 881 2239 saevom
911 2202 1107 2239 ambobus
1135 2199 1338 2239 Achillem.

1403 449 1478 487 425

1403 716 1483 753 430

1406 982 1479 1021 435

1406 1250 1484 1286 440

1406 1517 1481 1556 445

1407 1786 1484 1824 450

1407 2052 1482 2092 455

161 2253 360 2301 Constitit,
392 2262 430 2292 et
460 2254 665 2293 lacrimans
697 2254 813 2302 ‘Quis
843 2254 917 2292 iam
949 2255 1084 2300 locus‚'
1114 2254 1251 2303 inquit,
1283 2255 1464 2300 ‘Achate‚

161 2308 292 2356 ‘Quae
321 2307 427 2357 regio
459 2306 496 2345 in
526 2308 634 2345 terris
664 2308 784 2346 nostri
815 2320 894 2346 non
924 2309 1041 2357 plena
1069 2307 1241 2346 laboris?

1406 2311 1484 2355 460
