1687 2519
556 125 874 164 AENEJDOS
912 126 1020 163 ΠΒ.
1057 125 1092 162 J.
1437 134 1482 173 27

160 212 278 250 Nunc
307 209 446 261 Amyci
474 223 608 249 casum
636 210 758 260 gemit
787 217 826 249 et
854 210 1028 249 crudelia
1057 223 1189 248 secum

161 266 258 303 Fata
286 264 382 315 Lyci
409 265 630 313 fortemque
660 265 774 314 Gyan
803 265 1022 313 fortemque
1053 264 1302 302 Cloanthum.

212 320 263 356 Et
289 317 368 357 iam
397 318 483 356 finis
513 326 604 365 erat,
635 331 725 355 cum
756 317 937 367 Iuppiter
964 317 1122 355 aethere
1153 330 1306 356 summo

159 369 392 421 Despiciens
420 384 526 409 mare
555 371 764 409 velivolum
795 378 993 420 terrasque
1022 370 1194 409 iacentes

157 424 367 474 Litoraque
396 432 435 464 et
463 426 561 463 latos
590 426 770 475 populos,
802 424 857 463 sic
885 424 1029 463 vertice
1058 424 1155 462 caeli
1410 437 1483 475 225

158 478 344 518 Constitit
374 486 413 517 et
442 478 590 528 Libyae
619 478 751 517 defixit
781 478 931 516 lumina
961 478 1099 528 regnis.

157 534 288 582 Atque
317 532 427 570 illum
456 534 552 570 tales
582 532 791 570 iactantem
822 540 981 582 pectore
1010 545 1121 571 curas

158 585 322 624 Tristior
350 593 389 625 et
416 585 584 624 lacrimis
614 587 749 625 oculos
778 587 925 624 suffusa
954 586 1123 624 nitentes

159 638 393 689 Adloquitur
421 641 584 678 Venus:
630 640 689 679 ‘O
719 638 786 688 qui
814 652 874 677 res
903 639 1188 688 hominumque
1217 639 1415 688 deumque

159 692 361 731 ‘Aeternis
389 692 487 742 regis
516 691 687 742 imperiis
716 700 754 731 et
782 692 946 730 fulmine
975 700 1105 738 terres,
1410 706 1484 741 230

161 746 289 795 ‘Quid
319 759 429 785 meus
458 749 613 785 Aeneas
642 745 680 783 in
711 752 750 784 te
779 745 1023 784 committere
1053 754 1216 792 tanturn,

159 799 290 849 ‘Quid
318 801 442 838 Troes
471 806 644 849 potuere,
678 800 818 849 quibus
848 807 905 838 tot
935 800 1069 838 funera
1098 799 1223 849 passis

159 854 360 892 ‘Cunctus
389 853 441 892 ob
472 853 625 891 Italiam
655 861 842 892 terrarum
872 853 1064 891 clauditur
1093 853 1230 892 orbis?

160 908 300 946 ‘Certe
328 907 419 945 hinc
448 909 656 945 Romanos
686 906 778 945 olim
809 906 1057 945 volventibus
1087 906 1209 954 annis,

160 960 292 999 ‘Hinc
319 961 401 999 fore
430 961 612 999 ductores
642 968 825 999 revocato
854 975 877 999 a
905 960 1093 1010 sanguine
1122 960 1278 1009 Teucri,
1408 972 1481 1011 235

159 1013 260 1063 ‘Qui
289 1027 407 1061 mare,
438 1014 504 1064 qui
533 1022 651 1052 terras
681 1015 787 1052 omni
817 1014 966 1053 ditione
998 1023 1185 1062 tenerent,

159 1066 410 1106 ‘Pollicitusz
450 1081 550 1117 quae
580 1077 630 1115 te,
660 1067 822 1118 genitor,
855 1067 1049 1106 sententia
1078 1068 1223 1106 vertit?

162 1123 278 1160 ‘Hoc
308 1120 493 1172 equidem
523 1135 705 1160 occasum
736 1122 878 1160 Troiae
908 1122 1113 1171 tristesque
1140 1121 1271 1161 ruinas

159 1176 343 1214 ‘Solabar
371 1174 458 1214 fatis
487 1175 682 1214 contraria
709 1176 786 1213 fata
816 1176 1036 1226 rependens
1049 1190 1060 1224 ς

160 1230 301 1267 ‘Nunc
331 1229 469 1268 eadem
499 1231 654 1267 fortuna
681 1229 783 1268 viros
813 1237 871 1267 tot
901 1228 1053 1267 casibus
1083 1237 1191 1268 actos
1409 1242 1482 1276 240

159 1282 415 1332 ‘Insequitur.
476 1283 603 1331 Quem
634 1283 704 1321 das
732 1284 863 1330 finem,
895 1296 960 1321 rex
989 1297 1141 1333 magne,
1171 1283 1379 1322 laborum?

159 1338 361 1375 ‘Antenor
389 1336 515 1386 potuit
544 1337 684 1375 mediis
714 1338 869 1386 elapsus
899 1336 1058 1375 Achivis

158 1389 354 1440 ‘Illyricos
382 1397 584 1440 penetrare
613 1391 719 1428 sinus
747 1399 866 1440 atque
895 1390 1030 1428 intima
1061 1398 1164 1428 tutus

159 1445 322 1494 ‘Regna
351 1443 613 1483 Liburnorum
642 1451 681 1483 et
709 1445 857 1482 fontem
888 1457 1068 1494 superare
1098 1444 1262 1490 Timavi,

158 1498 302 1537 ‘Unde
330 1510 398 1547 per
428 1510 496 1536 ora
523 1511 666 1536 novem
696 1506 804 1536 vasto
834 1511 923 1536 cum
955 1511 1148 1536 murmure
1178 1498 1322 1536 montis
1408 1510 1479 1548 245

157 1552 217 1588 ‘It
245 1564 351 1590 mare
379 1559 608 1602 proruptum
639 1559 676 1590 et
705 1553 844 1601 pelago
875 1551 1016 1602 premit
1045 1565 1134 1589 arva
1163 1551 1329 1590 sonanti.

158 1604 263 1643 ‘Hic
289 1612 421 1644 tamen
450 1605 514 1644 ille
542 1607 679 1644 urbem
712 1605 843 1643 Patavi
873 1607 1066 1654 sedesque
1096 1605 1240 1643 locavit

158 1659 436 1706 ‘Teucrorum,
466 1666 506 1698 et
532 1659 639 1709 genti
668 1672 814 1698 nomen
843 1659 952 1697 dedit
981 1672 1166 1708 armaque
1195 1659 1276 1697 fixit

159 1713 311 1760 ‘Tro'1'a‚
342 1725 446 1751 nunc
475 1713 629 1763 placida
659 1722 888 1762 compostus
917 1726 1013 1762 pace
1043 1712 1232 1762 quiescit:

161 1767 280 1812 ‘N0s,
311 1773 377 1804 tua
406 1766 620 1816 progenies,
653 1767 751 1805 caeli
781 1767 920 1815 quibus
950 1766 1089 1804 adnuis
1118 1779 1259 1814 arcem,
1407 1780 1482 1818 250

162 1820 360 1858 ‘Navibus
389 1820 624 1870 (infandum)
655 1820 817 1867 amissis,
850 1819 963 1858 unius
993 1821 1044 1858 ob
1073 1820 1168 1858 iram

159 1873 390 1912 ‘Prodimur
419 1881 536 1922 atque
566 1873 674 1911 Italis
702 1874 818 1923 longe
846 1873 1100 1923 disiungimur
1130 1873 1214 1912 oris.

158 1926 262 1965 ‘Hic
290 1926 446 1976 pietatis
474 1928 630 1966 honos?
669 1927 724 1965 sic
753 1940 826 1965 nos
854 1927 894 1965 in
924 1936 1078 1977 sceptra
1105 1927 1310 1976 reponis?'

210 1980 288 2020 Olli
318 1980 522 2019 subridens
551 1979 757 2019 hominum
787 1989 890 2019 sator
918 1989 1034 2030 atque
1064 1981 1226 2019 deorum

155 2034 289 2080 Voltu,
320 2047 400 2084 quo
429 2035 580 2072 caelum
610 2041 944 2084 tempestatesque
976 2042 1140 2082 serenat,
1407 2048 1478 2086 255

157 2087 304 2126 Oscula
331 2087 465 2126 libavit
495 2096 622 2135 natae,
654 2088 798 2127 dehinc
827 2089 918 2126 talia
946 2089 1067 2128 fatur:

159 2142 303 2180 ‘Parce
332 2149 451 2187 metu,
485 2142 705 2191 Cytherea:
744 2150 905 2180 manent
934 2142 1097 2180 immota
1127 2150 1280 2180 tuorum

159 2196 277 2232 ‘Fata
307 2194 400 2244 tibi3
438 2207 574 2233 cernes
601 2197 739 2234 urbem
768 2204 807 2234 et
836 2195 1025 2245 promissa
1057 2195 1191 2234 Lavini

158 2248 357 2294 ‘Moenia,
387 2248 674 2298 sublimemque
701 2249 800 2288 feres
829 2250 880 2288 ad
909 2249 1035 2288 sidera
1063 2249 1161 2287 caeli

159 2301 486 2352 ‘Magnanimum
515 2304 704 2350 Aeneam
741 2315 871 2352 neque
898 2315 962 2341 me
991 2302 1183 2341 sententia
1213 2302 1333 2341 vertit.
1406 2306 1480 2343 2¹60
