1687 2519
153 137 201 174 28
485 138 531 174 P.
583 138 834 176 VERGJLJ
865 139 1147 178 MARONIS

152 221 256 259 ‘Hic
284 220 354 260 tibi
385 220 511 270 (fabor
540 222 657 270 enim,
687 224 848 272 quando
876 224 974 262 haec
1002 231 1040 262 te
1069 237 1160 262 cura
1187 225 1395 273 remordet,

152 275 349 325 ‘Longius
378 283 416 314 et
444 277 605 314 volvens
633 277 798 314 fatorum
830 289 970 315 arcana
1000 277 1185 329 movebo)

152 330 326 366 ‘Bellum
357 328 492 379 ingens
521 337 628 379 geret
658 329 772 368 Italia
799 332 1047 381 populosque
1077 332 1224 370 feroces

152 382 415 428 ‘Contundet‚
446 395 653 432 moresque
681 383 770 421 viris
800 392 838 422 et
867 384 1024 423 moenia
1053 392 1184 434 ponet,

152 434 311 474 ‘Tertia
337 436 432 474 dum
463 435 576 474 Latio
605 444 831 486 regnantem
860 437 999 476 viderit
1028 445 1152 476 aestas
1398 440 1471 488 265

152 490 379 538 ‘Ternaque
409 489 628 527 transierint
662 490 814 528 Rutulis
845 490 1008 528 hiberna
1037 490 1217 529 subactis.

155 544 227 580 ‘At
254 555 351 591 puer
381 542 586 589 Ascanius,
616 543 678 581 cui
708 556 814 581 nunc
842 557 1064 593 cognomen
1096 546 1182 582 Iulo

152 595 341 634 ‘Additur
371 596 469 646 (Ilus
500 604 592 643 erat,
623 597 716 634 dum
747 610 806 635 res
837 598 940 635 stetit
974 597 1044 635 ilia
1073 598 1223 648 regno),

152 648 347 698 ‘Triginta
375 662 537 699 magnos
566 650 770 689 volvendis
800 651 1000 690 mensibus
1030 651 1144 690 orbes

152 702 345 752 ‘Imperio
375 703 557 753 explebit,
588 717 829 753 regnumque
857 706 907 743 ab
936 706 1030 743 sede
1061 703 1198 743 Lavini
1399 717 1474 754 270

152 756 409 802 ‘Transferet‚
441 765 479 795 et
509 758 664 806 longam
696 759 816 796 multa
845 758 881 796 vi
911 759 1061 797 muniet
1089 758 1241 797 Albam.

152 808 254 847 ‘Hic
284 809 360 848 iam
391 817 448 848 ter
476 820 632 848 centum
663 818 766 850 totos
795 812 1018 861 regnabitur
1045 824 1170 850 annos

151 864 302 901 ‘Gente
331 865 403 902 sub
435 865 645 910 Hectorea,
677 865 806 903 donec
837 865 968 915 regina
997 866 1179 904 sacerdos

151 919 159 935 ‘
177 918 303 954 Marte
331 917 456 966 gravis
485 918 681 967 geminam
712 927 822 968 partu
851 919 960 957 dabit
991 920 1063 957 Ilia
1092 920 1251 969 prolem.

151 970 275 1008 ‘Inde
304 971 417 1020 lupae
445 972 550 1008 fulvo
580 971 739 1010 nutricis
769 973 939 1022 tegmine
967 974 1092 1012 laetus
1397 986 1443 1022 27
1452 985 1470 1023 5

151 1024 368 1062 ‘Romulus
398 1024 565 1074 excipiet
593 1034 760 1074 gentem,
792 1033 830 1064 et
862 1026 1056 1065 Mavortia
1083 1027 1229 1064 condet

151 1077 337 1115 ‘Moenia
367 1079 649 1128 Romanosque
679 1092 748 1117 suo
780 1081 829 1118 de
859 1079 1019 1118 nomine
1047 1079 1161 1118 dicet.

152 1130 253 1168 ‘His
282 1144 355 1180 ego
384 1145 458 1169 nec
487 1139 611 1170 metas
639 1145 763 1171 rerum
795 1146 868 1171 nec
898 1141 1076 1184 tempora
1104 1145 1222 1183 pono,

151 1185 387 1233 ‘Imperium
417 1184 500 1223 sine
529 1186 605 1224 fine
635 1187 738 1224 dedi.
799 1186 904 1235 Quin
934 1200 1072 1237 aspera
1102 1188 1216 1232 Iuno,

151 1238 287 1285 ‘Quae
317 1251 422 1276 mare
451 1252 556 1277 nunc
585 1246 781 1289 terrasque
810 1248 916 1279 metu
946 1242 1176 1289 caelumque
1202 1239 1348 1290 fatigat,
1400 1243 1473 1279 280

152 1291 350 1329 ‘Consilia
379 1292 417 1330 in
453 1292 591 1331 melius
621 1295 769 1340 referet,
800 1307 1032 1344 mecumque
1062 1293 1208 1333 fovebit

151 1346 390 1392 ‘Romanos‚
421 1359 547 1384 rerum
579 1347 774 1393 dominos,
804 1355 1042 1398 gentemque
1071 1356 1254 1397 togatam.

151 1398 237 1437 ‘Sic
265 1399 462 1448 placitum.
522 1400 664 1439 Veniet
693 1400 819 1439 lustris
848 1402 1070 1441 labentibus
1097 1411 1216 1448 aetas,

152 1453 275 1490 ‘Cum
306 1453 446 1491 domus
474 1454 654 1492 Assaraci
684 1455 864 1493 Phthiam
895 1457 1094 1505 clarasque
1128 1457 1314 1504 Mycenas

150 1505 333 1544 ‘Servitio
364 1515 512 1556 premet
542 1521 587 1546 ac
615 1507 725 1546 victis
755 1508 1021 1548 dominabitur
1049 1509 1170 1560 ArgiS.
1398 1512 1468 1560 285

150 1561 368 1598 ‘Nascetur
396 1562 556 1609 pulchra
586 1561 778 1601 Troianus
808 1563 956 1613 origine
986 1565 1142 1610 Caesar,

150 1613 387 1663 ‘Imperium
419 1615 593 1658 Oceano,
625 1616 768 1654 famam
798 1616 865 1666 qui
894 1616 1075 1656 terminet
1103 1617 1225 1665 astris,

151 1667 308 1715 ‘Iulius,
340 1681 362 1705 a
391 1681 535 1718 magno
564 1668 778 1707 demissum
808 1683 955 1709 nomen
986 1672 1086 1710 Iulo.

149 1721 295 1759 ‘Hunc
325 1728 364 1758 tu
396 1721 488 1760 olim
517 1723 638 1769 caelo,
669 1722 803 1772 spoliis
834 1723 1004 1763 Orientis
1034 1732 1230 1774 onustum,

149 1773 352 1824 ‘Accipies
382 1788 512 1813 secura
532 1790 542 1823 ,·
582 1777 783 1815 vocabitur
810 1777 873 1815 hic
902 1791 1059 1827 quoque
1087 1778 1196 1817 votis.
1397 1795 1471 1831 290

150 1830 322 1878 ‘Aspera
352 1836 432 1866 tum
463 1829 598 1878 positis
628 1830 835 1869 mitescent
863 1833 1019 1870 saecula
1048 1832 1187 1879 bellis,-

149 1882 281 1920 ‘Cana
313 1882 428 1921 Fides
458 1891 495 1921 et
525 1885 656 1931 Vesta,
690 1886 817 1923 Remo
847 1897 937 1922 cum
966 1886 1079 1923 fratre
1110 1886 1295 1934 Quirinus

149 1936 262 1973 ‘Iura
291 1937 441 1974 dabunt
456 1950 466 1983 ;
503 1937 610 1975 dirae
641 1939 738 1976 ferro
768 1946 805 1976 et
835 1939 1088 1988 compagibus
1118 1941 1209 1979 artis

150 1990 415 2027 ‘Claudentur
446 1990 541 2028 Belli
571 1999 728 2040 portae3
769 1993 891 2030 Furor
919 1992 1062 2042 impius
1090 1992 1194 2032 intus

149 2043 291 2081 ‘Saeva
321 2044 460 2082 sedens
491 2057 606 2094 super
634 2058 742 2082 arma
770 2053 808 2083 et
837 2053 994 2083 centum
1025 2046 1176 2086 vinctus
1204 2049 1311 2087 aenis
1396 2063 1466 2101 295

149 2098 263 2134 ‘Post
294 2104 442 2146 tergum
473 2098 587 2136 nodis
616 2099 752 2136 fremet
782 2099 959 2137 horridus
989 2112 1055 2138 ore
1084 2105 1270 2141 cruento.'

202 2152 314 2188 Haec
343 2150 408 2196 ait,
441 2158 478 2189 et
509 2151 617 2189 Maia
645 2152 818 2201 genitum
850 2151 1020 2191 demittit
1049 2155 1099 2192 ab
1127 2156 1219 2202 alto,

151 2205 202 2242 Ut
231 2211 353 2242 terrae
382 2212 502 2253 utque
532 2218 655 2244 novae
686 2213 844 2255 pateant
876 2207 1127 2256 Karthaginis
1155 2221 1264 2248 arces

153 2257 335 2306 Hospitio
365 2257 538 2305 Teucris,
569 2272 618 2296 ne
647 2260 713 2297 fati
744 2259 876 2297 nescia
906 2260 1012 2298 Dido

152 2310 307 2350 Finibus
336 2319 492 2351 arceret.
555 2313 669 2351 Volat
697 2313 761 2352 ille
790 2326 858 2363 per
886 2315 974 2352 aera
1003 2326 1187 2364 magnum
1393 2331 1468 2367 300
