1687 2519
521 124 840 163 AENEJDOS
871 124 985 162 ΜΒ.
1025 124 1059 160 J.
1404 108 1459 172 '33

117 214 216 251 “En
247 209 440 250 Priamus!
495 212 593 250 Sunt
621 211 686 249 hic
714 211 832 249 etiam
861 224 931 249 sua
958 210 1134 260 praemia
1162 210 1289 258 laudi3

140 267 254 305 ‘Sunt
280 264 462 303 lacrimae
489 278 615 303 rerum
646 272 684 303 et
713 273 886 302 mentem
916 263 1095 302 mortalia
1122 271 1297 314 tangunt.

137 320 268 358 ‘Solve
298 326 425 357 metus
433 334 444 368 3
470 319 565 357 feret
595 319 691 356 haec
720 318 891 367 aliquam
921 317 990 356 tibi
1020 319 1123 355 fama
1152 319 1340 356 salutem.’

134 372 196 411 Sic
224 372 289 419 ait,
320 379 438 422 atque
467 371 640 410 animum
671 372 819 422 pictura
848 371 972 422 pascit
1002 371 1109 408 inani

137 427 264 464 Multa
291 438 464 476 gemens,
496 427 682 475 largoque
712 433 884 464 umectat
914 424 1074 463 flumine
1103 426 1261 462 voltum.
1380 426 1456 474 465

135 481 317 529 Namque
345 479 516 526 videbat,
546 478 602 517 uti
632 481 822 518 bellantes
853 481 1042 528 Pergama
1071 478 1218 516 circum

136 535 225 571 Hac
254 534 430 582 fugerent
460 532 577 580 Graii,
609 540 800 583 premeret
829 533 1000 571 Troiana
1028 532 1227 579 iuventus3

137 589 226 625 Hac
256 588 434 636 Phryges,
467 586 626 624 instaret
655 600 768 624 curru
798 586 974 624 cristatus
1002 586 1186 624 Achilles·

134 642 220 679 Nec
249 642 383 690 procul
413 640 504 677 hinc
534 640 656 678 Rhesi
686 640 807 678 niveis
837 639 1002 678 tentoria
1032 639 1126 677 velis

132 694 351 743 Adgnoscit
381 693 596 738 lacrimans,
627 693 753 742 primo
783 706 883 742 quae
913 693 1069 742 prodita
1097 705 1239 731 somno
1378 703 1456 742 470

131 747 306 797 Tydides
336 748 457 784 multa
485 748 661 785 vastabat
691 748 813 785 caede
842 754 1036 792 cruentus,

131 802 403 850 Ardentesque
432 799 569 838 avertit
597 813 720 849 equos
749 800 788 837 in
818 808 953 847 castra,
985 800 1212 850 priusquam

133 856 282 893 Pabula
310 862 530 903 gustassent
560 854 702 892 Troiae
732 855 1016 902 Xanthumque
1046 853 1245 892 bibissent.

133 910 246 946 Parte
275 908 350 946 alia
379 908 532 957 fugiens
561 907 711 946 amissis
741 908 897 946 Troilus
927 907 1054 953 armis,

132 962 271 1000 Infelix
300 975 397 1011 puer
425 971 542 1011 atque
569 962 680 1010 inpar
711 975 940 1011 congressus
969 960 1124 1007 Achilli,
1378 972 1453 1010 475

132 1017 267 1054 Fertur
297 1015 406 1064 equis
434 1028 625 1064 curruque
656 1017 788 1053 haeret
818 1015 1022 1064 resupinus
1052 1014 1168 1061 inani,

132 1071 234 1107 Lora
263 1077 400 1107 tenens
431 1077 582 1116 tamen3
611 1069 701 1106 huic
732 1069 937 1118 cervixque
967 1081 1182 1117 comaeque
1213 1069 1415 1106 trahuntur

132 1125 204 1161 Per
234 1130 386 1169 terram,
417 1130 454 1161 et
485 1136 594 1160 versa
622 1123 747 1172 pulvis
778 1123 998 1161 inscribitur
1027 1124 1146 1160 hasta.

131 1178 286 1214 Interea
315 1177 366 1214 ad
395 1178 582 1225 templum
614 1190 694 1214 non
724 1190 873 1226 aequae
906 1176 1072 1214 Palladis
1102 1176 1211 1214 ibant

130 1230 312 1269 Crinibus
344 1229 489 1268 Iliades
519 1230 641 1279 passis
670 1232 909 1280 peplumque
940 1232 1126 1276 ferebant,
1376 1230 1455 1277 480

129 1283 364 1333 Suppliciter
392 1283 519 1321 tristes
550 1291 587 1322 et
618 1291 755 1322 tunsae
786 1291 944 1333 pectora
974 1283 1133 1334 palmis:

130 1337 233 1375 Diva
261 1339 346 1375 solo
374 1338 470 1375 fixos
500 1339 635 1375 oculos
666 1351 799 1376 aversa
829 1338 996 1376 tenebat.

129 1393 207 1429 Ter
235 1390 380 1429 circum
412 1390 554 1429 Iliacos
583 1398 802 1440 raptaverat
834 1393 1009 1429 Hectora
1039 1403 1169 1429 muros

129 1444 445 1494 Exanimumque
474 1458 568 1483 auro
597 1458 739 1494 corpus
767 1445 964 1484 vendebat
993 1444 1174 1482 Achilles.

127 1499 233 1537 Tum
262 1511 354 1537 vero
382 1498 580 1548 ingentem
610 1499 798 1548 gemitum
827 1500 894 1537 dat
924 1505 1081 1548 pectore
1110 1499 1160 1536 ab
1189 1498 1279 1544 imo,
1377 1499 1450 1548 485

129 1553 186 1590 Ut
215 1552 350 1602 spolia,
381 1560 422 1590 ut
452 1565 594 1600 currus,
626 1561 748 1602 utque
777 1552 906 1602 ipsum
936 1565 1078 1602 corpus
1107 1551 1223 1590 arnici

128 1607 459 1655 Tendentemque
488 1619 626 1644 manus
657 1606 855 1644 Priamum
887 1605 1092 1656 conspexit
1121 1605 1298 1644 inermes.

131 1661 182 1698 Se
211 1671 372 1709 quoque
401 1659 643 1709 principibus
672 1660 907 1709 permixtum
938 1659 1126 1710 adgnovit
1155 1659 1326 1707 Achivis,

128 1714 313 1763 ansque
341 1713 444 1751 acies
474 1721 512 1752 et
542 1713 638 1763 nigri
669 1714 897 1752 Memnonis
926 1727 1041 1752 arma.

129 1767 250 1805 Ducit
279 1765 570 1805 Amazonidum
600 1767 741 1805 lunatis
772 1768 928 1817 agmina
957 1767 1070 1817 peltis
1376 1779 1453 1816 490

129 1820 376 1859 Penthesilea
404 1821 548 1866 furens,
579 1821 798 1870 mediisque
828 1821 867 1859 in
897 1821 1068 1859 millibus
1096 1821 1218 1867 ardet,

125 1876 257 1913 Aurea
286 1875 523 1913 subnectens
553 1882 726 1913 exsertae
756 1875 911 1924 cingula
939 1887 1148 1922 mammae,

127 1926 323 1975 Bellatrix‚
355 1928 552 1977 audetque
581 1928 669 1966 viris
699 1941 929 1967 concurrere
958 1929 1076 1978 virgo.

181 1983 297 2020 Haec
326 1982 420 2020 dum
453 1981 654 2020 Dardanio
682 1983 842 2021 Aeneae
871 1982 1048 2021 miranda
1074 1981 1266 2028 videntur,

128 2036 235 2079 Dum
265 2042 398 2085 stupet
427 2037 647 2085 obtutuque
675 2037 808 2074 haeret
837 2036 986 2075 defixus
1015 2035 1055 2073 in
1083 2048 1175 2083 uno,
1375 2048 1450 2086 495

127 2089 282 2139 Regina
310 2089 363 2128 ad
391 2090 592 2139 templum,
623 2090 746 2128 forma
774 2090 1036 2139 pulcherrima
1065 2089 1183 2136 Dido,

127 2142 294 2181 Incessit
322 2155 465 2192 magna
494 2142 680 2181 iuvenum
709 2142 877 2192 stipante
906 2151 1070 2182 caterva.

127 2196 265 2245 Qualis
294 2195 333 2235 in
365 2198 538 2235 Eurotae
565 2196 658 2246 ripis
686 2204 754 2235 aut
782 2210 851 2247 per
878 2196 968 2247 iuga
998 2196 1144 2247 Cynthi

127 2251 294 2289 Exercet
323 2249 455 2288 Diana
482 2251 635 2297 choros,
666 2263 784 2300 quam
813 2250 919 2289 mille
948 2259 1105 2290 secutae

129 2303 237 2342 Hinc
265 2310 384 2353 atque
411 2304 503 2343 hinc
530 2305 796 2355 glomerantur
821 2304 997 2344 Oreades
1003 2319 1015 2354 ,-
1043 2304 1108 2343 illa
1133 2304 1353 2354 pharetram
1375 2316 1450 2354 500

237 2381 332 2408 AEN.
357 2383 381 2409 1.
1320 2383 1345 2422 3
