1687 2519
154 153 205 186 4ο
542 138 862 178 AENEIDOS
895 139 1004 176 LIB.
1044 139 1079 181 I,

154 228 249 265 Post
276 224 341 264 alii
368 237 558 275 proceres.
616 223 777 264 Cithara
804 223 963 263 crinitus
993 226 1112 276 Iopas
1396 234 1472 273 740

156 282 343 319 Personat
371 286 517 326 aurata,
547 277 684 317 docuit
712 290 829 328 quern
859 278 1050 318 maximus
1077 281 1197 318 Atlas.

156 333 237 372 Hic
265 333 370 371 canit
399 339 590 371 errantem
618 333 752 370 lunam
783 331 954 380 solisque
986 333 1152 380 labores,
1392 354 1396 358 ·

155 388 276 426 Unde
304 385 509 425 hominurn
538 398 661 435 genus
692 392 729 423 et
757 385 942 434 pecudes,
971 387 1078 425 unde
1106 387 1230 425 imber
1258 393 1297 425 et
1324 384 1445 436 ignes,

155 443 361 478 Arcturum
390 439 618 489 pluviasque
650 439 812 488 Hyadas
841 438 1098 489 geminosque
1129 439 1307 487 Triones,

156 494 263 543 Quid
292 500 442 532 tantum
473 493 636 532 Oceano
665 498 874 542 properent
905 504 945 530 se
975 492 1150 542 tinguere
1178 494 1281 531 soles
1403 503 1471 542 745

156 547 337 595 Hiberni,
370 547 431 584 vel
461 558 561 595 quae
590 545 709 584 tardis
738 557 849 583 mora
879 545 1060 585 noctibus
1090 548 1231 585 obstet.

156 601 406 651 Ingeminant
435 600 575 649 plausu
604 598 722 648 Tyrii,
751 600 953 648 Troesque
982 608 1207 649 sequuntur.

156 656 243 694 Nec
271 667 352 692 non
382 660 420 691 et
448 652 555 691 vario
584 659 741 690 noctem
772 664 952 691 sermone
981 654 1157 692 trahebat

157 707 295 747 infelix
326 707 445 754 Dido,
476 707 716 756 longumque
746 705 906 744 bibebat
935 720 1120 753 amorem,

157 763 286 800 Multa
314 773 430 810 super
460 760 614 798 Priamo
643 759 825 809 rogitans,
856 771 975 809 super
1004 761 1180 798 Hectore
1208 760 1350 807 multa;
1400 770 1476 809 750

158 817 287 861 Nunc,
318 814 460 864 quibus
489 815 664 851 Aurorae
692 813 865 852 venisset
894 813 996 852 filius
1024 814 1152 863 armis,

157 870 287 915 Nunc,
317 868 452 917 quales
483 866 688 905 Diomedis
718 867 820 916 equi,
852 879 966 914 nunc,
998 876 1167 917 quantus
1196 866 1379 905 Achilles.

159 923 312 960 ‘Immo
341 934 422 971 age,
453 928 492 959 et
520 933 543 958 a
576 920 710 969 prima,
745 920 820 967 dic,
854 920 1011 970 hospes,
1048 920 1196 970 origine
1229 919 1345 959 nobis

159 974 372 1014 ‘Insidias'
401 973 527 1023 inquit
562 975 761 1011 ‘Danaum
795 987 986 1024 casusque
1016 982 1170 1013 tuorum
1330 1019 1337 1024 ἦ

159 1030 424 1077 ‘Erroresque
457 1035 557 1066 tuos.
616 1029 720 1065 Nam
751 1034 790 1065 te
824 1028 899 1066 iam
933 1027 1100 1077 septima
1133 1034 1262 1077 portat
1389 1038 1475 1078 „755

161 1082 379 1122 ‘Omnibus
411 1088 604 1120 errantem
634 1081 744 1119 terris
774 1088 814 1120 et
846 1081 1029 1120 fluetibus
1062 1080 1212 1120 aestas.'
