1687 2519
140 165 187 199 24
467 152 514 191 P.
566 152 817 190 VERGILJ
846 152 934 190 MA
939 153 979 190 R
985 152 1127 191 ONIS

138 237 277 275 ‘Scuta
310 236 433 275 virum
463 238 671 287 galeasque
706 246 744 276 et
776 237 887 276 fortia
921 251 1085 288 corpora
1113 237 1282 277 volvit?’

189 291 302 329 Talia
332 290 489 328 iactanti
523 291 689 329 stridens
720 291 916 341 Aquilone
949 292 1120 341 procella

137 345 278 383 Velum
311 345 474 383 adversa
506 344 603 392 ferit,
638 345 858 394 fluctusque
889 345 939 383 ad
972 345 1099 384 sidera
1131 343 1240 384 tollit.

139 399 383 448 Franguntur
416 397 536 444 remi3
574 405 656 436 tum
691 411 803 447 prora
833 398 968 436 avertit
1002 406 1040 436 et
1071 398 1186 437 undis
1487 435 1491 438 .

139 453 217 489 Dat
237 453 335 489 latus
351 466 359 498 ;
389 451 602 500 insequitur
621 453 780 489 cumulo
801 460 1030 500 praeruptus
1050 464 1176 500 aquae
1197 464 1321 489 mons.
1384 462 1454 501 105

139 504 194 542 Hi
229 517 383 543 summo
415 504 454 541 in
489 505 608 542 fluctu
642 506 830 553 pendent,
863 504 922 542 his
956 506 1064 542 unda
1093 504 1299 543 dehiscens

137 559 296 596 Terram
333 558 433 596 inter
463 558 604 595 fluctus
636 558 782 607 aperit;
820 558 910 596 furit
943 566 1074 596 aestus
1107 557 1244 596 arenis.

137 613 233 650 Tres
269 612 398 649 Notus
431 612 613 660 abreptas
644 611 683 648 in
716 624 808 649 saxa
840 611 1001 649 latentia
1031 618 1208 660 torquet;

139 666 238 703 Saxa
268 671 410 703 vocant
442 664 530 703 Itali
561 664 700 704 mediis
733 677 834 714 quae
865 665 904 702 in
938 665 1118 703 fluctibus
1149 677 1244 712 aras,

141 720 310 757 Dorsum
342 718 501 756 inmane
532 717 627 756 mari
662 731 839 765 summo;
878 726 954 757 tres
990 720 1114 756 Eurus
1147 719 1198 756 ab
1231 719 1312 756 alto
1386 730 1460 755 110

140 774 186 810 In
218 772 348 810 brevia
380 779 418 810 et
452 779 572 820 syrtes
605 780 741 822 urguet
776 771 1010 822 (miserabile
1045 771 1148 822 visu)

139 825 353 875 Inliditque
384 825 493 863 vadis
518 833 636 875 atque
667 838 805 875 aggere
838 825 957 874 cingit
988 826 1165 864 harenae.

139 881 285 926 Unam,
316 891 417 928 quae
452 879 592 928 Lycios
625 879 823 928 fidumque
856 880 1023 917 vehebat
1057 880 1246 926 Oronten,

140 932 269 982 Ipsius
303 940 394 971 ante
428 933 562 971 oculos
593 932 728 982 ingens
763 946 786 970 a
818 932 962 971 vertice
996 939 1141 982 pontus

140 987 188 1024 In
220 985 383 1036 puppim
413 986 521 1024 ferit:
561 985 751 1024 excutitur
784 999 1010 1036 pronusque
1040 985 1222 1035 magister
1387 997 1458 1035 115

139 1039 320 1078 Volvitur
351 1039 390 1077 in
423 1047 539 1089 caput
555 1053 565 1086 3
606 1047 664 1078 ast
694 1039 800 1077 illam
833 1047 891 1077 ter
916 1039 1057 1077 fluctus
1088 1039 1235 1077 ibidem
1439 1075 1446 1080 ,

139 1095 315 1142 Torquet
345 1105 464 1142 agens
496 1092 653 1140 circum,
687 1100 725 1131 et
755 1092 912 1142 rapidus
942 1100 1050 1131 vorat
1083 1104 1253 1141 aequore
1283 1098 1438 1131 vortex.⁵

140 1149 344 1197 Apparent
374 1145 445 1184 rari
478 1154 616 1185 nantes
650 1145 689 1183 in
717 1146 866 1196 gurgite
895 1153 1015 1193 vasto,

141 1203 259 1238 Arma
292 1200 414 1238 virum
448 1201 682 1249 tabulaeque
715 1208 753 1238 et
786 1201 904 1238 Troia
933 1213 1028 1250 gaza
1058 1212 1127 1249 per
1155 1199 1290 1237 undas.

142 1255 226 1292 Iam
261 1253 429 1292 validam
461 1252 601 1292 Ilionei
635 1266 787 1301 navem,
822 1252 900 1291 iam
931 1252 1039 1291 fortis
1072 1252 1224 1299 Achati,
1391 1265 1463 1289 120

143 1310 192 1346 Et
223 1320 300 1358 qua
329 1315 463 1346 vectus
496 1308 615 1354 Abas,
647 1314 685 1345 et
715 1320 792 1357 qua
821 1307 1063 1356 grandaevus
1094 1307 1238 1354 Aletes,

140 1360 246 1399 Vicit
279 1360 454 1410 hiemps3
491 1361 588 1399 laxis
619 1362 783 1398 laterum
814 1360 1071 1410 compagibus
1104 1372 1241 1398 omnes

140 1414 354 1465 Accipiunt
387 1414 587 1452 inimicum
621 1413 785 1453 imbrem
817 1413 1001 1464 rimisque
1031 1413 1224 1452 fatiscunt.

196 1469 351 1507 Interea
381 1481 524 1517 magno
555 1467 706 1506 misceri
739 1480 934 1506 murmure
965 1474 1132 1517 pontum

143 1523 418 1571 Emissamque
451 1522 618 1559 hiemem
652 1520 771 1560 sensit
803 1522 1011 1570 Neptunus
1041 1528 1079 1559 et
1109 1519 1197 1559 imis
1390 1532 1461 1570 125

141 1578 286 1625 Stagna
318 1576 446 1613 refusa
476 1575 597 1622 vadis,
628 1575 790 1624 graviter
821 1581 1065 1622 commotus,
1103 1582 1142 1612 et
1174 1575 1253 1612 alto

143 1628 390 1678 Prospiciens
420 1641 574 1667 summa
606 1628 805 1678 placidum
839 1636 958 1678 caput
992 1627 1126 1666 extulit
1156 1627 1270 1665 unda.

145 1682 359 1722 Disiectam
391 1684 550 1721 Aeneae
581 1689 665 1720 toto
696 1681 802 1720 videt
836 1694 1005 1731 aequore
1035 1681 1211 1728 classem,

144 1736 347 1775 Fluctibus
380 1748 587 1785 oppressos
620 1736 744 1774 Troas
773 1735 948 1784 caelique
979 1734 1099 1772 ruina.

145 1791 231 1828 Nec
264 1791 410 1827 latuere
443 1789 523 1827 doli
557 1790 710 1827 fratrem
739 1787 902 1827 Iunonis
933 1796 972 1827 et
1002 1788 1088 1826 irae.
1393 1800 1467 1836 130

145 1845 290 1881 Eurum
325 1844 376 1881 ad
409 1856 451 1881 se
485 1843 785 1892 Zephyrumque
817 1849 944 1889 vocat,
979 1841 1123 1880 dehinc
1155 1840 1247 1879 talia
1276 1841 1402 1878 fatur:

200 1899 402 1935 ‘Tantane
432 1909 501 1935 vos
534 1895 685 1946 generis
716 1894 840 1934 tenuit
869 1895 1013 1934 fiducia
1043 1894 1187 1933 vestri?

146 1952 254 1989 ‘Iam
287 1951 437 1988 caelum
468 1957 686 1999 terramque
717 1962 805 1988 meo
839 1948 924 1987 sine
954 1948 1126 1996 numine,
1158 1947 1276 1995 venti,

147 2004 351 2049 ‘Miscere,
385 2011 423 2041 et
457 2011 583 2041 tantas
615 2003 767 2041 audetis
801 2003 935 2041 tollere
967 2003 1119 2040 moles?

147 2058 282 2106 ‘Quos
313 2057 511 2106 ego—sed
543 2063 672 2095 motos
704 2063 872 2106 praestat
903 2068 1140 2105 componere
1173 2055 1337 2093 fluctus:
1395 2065 1465 2104 135

148 2113 262 2149 ‘Post
293 2110 387 2148 mihi
419 2123 498 2148 non
533 2109 648 2148 simili
678 2123 807 2159 poena
837 2109 1045 2148 commissa
1076 2108 1200 2147 luetis.

148 2167 368 2203 ‘Maturate
399 2165 540 2213 fugam,
576 2164 733 2213 regique
764 2165 861 2202 haec
895 2162 1014 2201 dicite
1044 2171 1198 2201 vestro:

149 2220 263 2257 ‘Non
299 2218 350 2255 illi
383 2217 587 2266 imperium
622 2216 748 2267 pelagi
779 2229 1017 2266 saevumque
1049 2216 1268 2261 tridentem,

148 2272 248 2311 ‘Sed
279 2271 371 2308 mihi
405 2278 506 2308 sorte
541 2271 687 2309 datum.
745 2271 873 2309 Tenet
907 2269 970 2308 ille
1004 2269 1175 2308 inmania
1207 2281 1308 2314 saxa,

149 2327 341 2372 ‘Vestras,
378 2326 490 2372 Eure,
523 2325 688 2372 domos5
725 2323 790 2362 illa
821 2337 862 2362 se
893 2323 1008 2362 iactet
1039 2322 1079 2361 in
1110 2323 1199 2361 aula
1396 2335 1468 2370 140
