1687 2519
143 151 194 200 38
476 150 521 186 P.
561 147 812 186 VERGJLJ
841 147 930 184 MA
935 147 974 184 R
981 147 1120 186 ONJS

145 237 335 276 Incendat
364 235 533 286 reginam
563 242 680 285 atque
708 234 860 273 ossibus
888 232 1062 284 implicet
1089 232 1231 284 ignem.
1386 234 1463 272 660

145 291 303 341 Quippe
331 290 493 328 domum
523 289 633 328 timet
661 288 886 337 ambiguam
914 287 1132 338 Tyriosque
1160 286 1376 338 bilingues;

147 344 234 384 Urit
261 351 369 382 atrox
398 344 512 388 Iuno,
543 350 581 381 et
609 344 682 380 sub
711 349 868 380 noctem
898 354 989 379 cura
1016 348 1196 379 recursat.
1397 357 1401 361 ·

149 399 248 447 Ergo
275 396 334 435 his
363 396 546 446 aligerum
575 395 689 434 dictis
717 396 854 432 affatur
883 396 1092 432 Amorem:

147 452 282 497 ‘Nate,
313 463 422 488 meae
451 449 559 496 vires,
590 461 678 487 mea
706 461 848 497 magna
877 447 1050 497 potentia
1078 448 1196 494 solus,

149 506 283 551 ‘Nate‚
317 503 439 541 Patris
469 502 608 541 summi
638 502 703 551 qui
733 502 809 540 tela
837 500 1018 550 Typhoia
1047 500 1200 547 temnis,
1388 501 1462 550 665

149 559 232 597 ‘Ad
263 565 299 595 te
327 556 512 607 confugio
540 563 579 594 et
607 556 770 605 supplex
797 562 864 593 tua
892 554 1054 592 numina
1083 566 1215 603 posco.

147 613 302 649 ‘Frater
329 618 372 649 ut
399 611 554 648 Aeneas
582 609 722 658 pelago
753 617 840 646 tuus
869 607 1002 646 omnia
1029 607 1173 645 circum

150 665 300 703 ‘Litora
328 663 490 702 iactetur
518 662 617 701 odiis
648 662 813 700 Iunonis
842 662 1016 707 acerbae,

148 719 277 757 ‘Nota
305 717 385 763 tibi,
417 724 455 755 et
483 723 616 755 nostro
646 715 803 754 doluisti
833 727 950 764 saepe
980 715 1125 753 dolore.

149 772 287 809 ‘Nunc
318 770 531 809 Phoenissa
559 777 666 808 tenet
697 769 803 807 Dido
833 768 1065 817 blandisque
1096 775 1266 806 moratur
1388 769 1464 816 670

149 825 370 873 ‘Vocibus3
411 832 449 863 et
477 836 621 871 vereor,
653 836 732 873 quo
766 836 806 861 se
843 822 1010 860 Iunonia
1038 830 1189 860 vertant

148 877 382 928 ‘Hospitia;
417 878 522 916 haud
556 884 664 915 tanto
694 875 860 914 cessabit
889 875 1048 914 cardine
1075 888 1210 913 rerum.

148 931 365 981 ‘Quocirca
393 944 531 981 capere
559 937 651 968 ante
679 930 779 968 dolis
808 938 846 968 et
875 929 1029 978 cingere
1058 929 1215 966 flamma

147 985 363 1035 ‘Reginam
392 984 570 1030 meditor,
601 997 651 1022 ne
679 996 757 1033 quo
786 996 827 1022 se
856 982 1018 1021 numine
1046 989 1181 1029 mutet,
1334 1022 1340 1026 ,

149 1040 246 1078 ‘Sed
280 1051 422 1088 magno
452 1040 609 1077 Aeneae
638 1050 792 1075 mecum
823 1043 1001 1074 teneatur
1029 1048 1174 1074 amore.
1389 1037 1463 1086 675

148 1093 258 1141 ‘Qua
286 1093 411 1131 facere
439 1091 479 1130 id
508 1090 646 1141 possis,
677 1098 849 1128 nostram
879 1102 984 1127 nunc
1013 1089 1154 1138 accipe.
1176 1096 1356 1128 mentem.

147 1146 316 1195 ‘Regius
345 1144 472 1183 accitu
501 1144 579 1182 cari
610 1143 795 1193 genitoris
824 1144 875 1181 ad
903 1144 1040 1181 urbem

148 1199 366 1238 ‘Sidoniam
398 1211 494 1248 puer
523 1197 575 1237 ire
604 1205 724 1247 parat,
756 1210 844 1234 mea
872 1196 1040 1234 maxima
1068 1209 1170 1243 cura,

148 1254 288 1291 ‘Dona
314 1254 440 1291 ferens
469 1253 608 1302 pelago
640 1258 677 1289 et
706 1250 871 1288 flammis
900 1249 1084 1288 restantia
1112 1250 1253 1288 Troiae
1261 1264 1272 1298 3

148 1307 291 1344 ‘Hunc
320 1319 392 1356 ego
421 1306 592 1355 sopitum
621 1317 762 1342 somno
791 1317 906 1353 super
934 1304 1012 1342 alta
1040 1304 1210 1352 Cythera
1389 1304 1466 1342 680

149 1362 250 1399 ‘Aut
279 1372 396 1409 super
425 1358 592 1397 Idalium
623 1365 772 1396 sacrata
800 1359 892 1396 sede
921 1358 1146 1404 recondam,

151 1415 236 1453 ‘Ne
266 1426 343 1463 qua
373 1412 469 1451 scire
499 1413 612 1451 dolos
641 1411 842 1449 mediusve
871 1423 1072 1449 occurrere
1101 1409 1231 1460 possit.

147 1468 233 1505 ‘Tu
263 1466 403 1505 faciem
431 1465 532 1504 illius
562 1472 720 1504 noctem
750 1478 830 1503 non
860 1464 1027 1514 amplius
1055 1477 1172 1502 unam

148 1521 279 1559 ‘Falle
308 1521 402 1559 dolo
431 1527 468 1558 et
497 1526 614 1557 notos
642 1518 750 1568 pueri
781 1531 876 1568 puer
907 1518 1026 1556 indue
1053 1518 1196 1564 vultus,

149 1576 238 1620 ‘Ut‚
270 1587 357 1612 cum
388 1581 425 1611 te
454 1572 602 1623 gremio
631 1571 796 1621 accipiet
826 1571 1036 1610 laetissima
1066 1571 1173 1609 Dido
1389 1572 1462 1621 685

149 1629 339 1677 ‘Regales
367 1626 466 1665 inter
495 1638 651 1665 mensas
679 1625 914 1674 laticemque
944 1626 1129 1674 Lyaeum,

148 1682 273 1720 ‘Cum
304 1680 415 1719 dabit
444 1681 649 1729 amplexus
679 1688 798 1729 atque
827 1679 960 1716 oscula
989 1678 1119 1716 dulcia
1149 1679 1251 1727 figet,

147 1735 378 1773 ‘Occultum
409 1733 574 1783 inspires
604 1732 734 1782 ignem
763 1733 952 1781 fallasque
980 1733 1159 1770 veneno.’

151 1790 260 1826 Paret
291 1790 410 1826 Amor
441 1787 555 1824 dictis
585 1799 696 1824 carae
726 1785 944 1835 genetricis,
974 1792 1012 1823 et
1040 1786 1120 1823 alas

151 1841 260 1879 Exuit
291 1849 326 1879 et
357 1853 484 1891 gressu
515 1841 690 1890 gaudens
720 1839 864 1877 incedit
895 1837 980 1877 Iuli.
1389 1840 1466 1888 690

148 1897 196 1933 At
226 1896 360 1933 Venus
392 1895 562 1932 Ascanio
593 1893 787 1942 placidam
818 1906 885 1942 per
915 1892 1087 1930 membra
1117 1890 1287 1942 quietem

149 1947 303 1998 Inrigat,
335 1956 372 1986 et
402 1948 525 1985 fotum
555 1947 701 1997 gremio
730 1947 804 1985 dea
833 1946 933 1984 tollit
961 1946 1000 1983 in
1030 1946 1129 1983 altos

148 2001 294 2039 Idaliae
324 2002 444 2046 lucos,
476 2000 542 2038 ubi
572 1999 699 2038 mollis
729 2013 927 2037 amaracus
956 1999 1064 2037 illum

150 2055 325 2093 Floribus
356 2061 394 2092 et
423 2053 525 2092 dulci
556 2053 758 2103 adspirans
787 2052 1058 2102 complectitur
1089 2054 1233 2090 umbra.

150 2110 313 2158 Iamque
343 2107 424 2145 ibat
456 2107 562 2145 dicto
591 2120 731 2156 parens
761 2114 798 2144 et
827 2107 933 2144 dona
963 2106 1119 2155 Cupido
1152 2142 1154 2144 .
1388 2108 1461 2157 695

151 2161 271 2212 Regia
300 2161 480 2211 portabat
510 2160 634 2209 Tyriis
663 2161 762 2198 duce
792 2161 915 2198 laetus
946 2161 1106 2198 Achate.

147 2216 247 2254 Cum
277 2214 394 2259 venit,
426 2213 572 2252 aulaeis
600 2214 676 2250 iam
707 2226 748 2251 se
777 2213 908 2262 regina
937 2212 1115 2262 superbis

148 2270 275 2306 Aurea
304 2267 524 2316 composuit
556 2267 707 2316 sponda
738 2267 988 2315 mediamque
1018 2264 1187 2314 locavit3

147 2323 232 2359 Iam
261 2329 368 2371 pater
397 2322 553 2359 Aeneas
582 2327 620 2358 et
649 2319 726 2358 iam
754 2319 926 2357 Troiana
955 2319 1134 2358 iuventus
