1687 2519
175 177 224 224 36
499 175 544 212 P.
597 174 849 214 VERGILI
879 175 1158 215 MARONJS

177 262 222 298 Et
252 267 361 310 pater
390 261 544 298 Aeneas
573 259 803 298 iamdudum
834 273 1037 311 erumpere
1067 263 1214 299 nubem
1417 260 1495 311 580

175 314 385 352 Ardebant.
445 312 552 352 Prior
579 315 743 352 Aenean
774 315 984 364 compellat
1013 316 1210 354 Achates:

174 369 300 405 ‘Nate
331 368 416 414 dea,
448 380 548 416 quae
578 380 684 405 nunc
712 367 845 406 animo
874 367 1068 406 sententia
1095 367 1244 418 surgit?

176 421 339 460 ‘Omnia
369 428 451 459 tuta
478 419 596 467 vides,
627 421 792 459 classem
822 421 1028 471 sociosque
1056 428 1246 470 receptos.

176 476 312 514 ‘Unus
341 475 464 520 abest,
495 474 626 512 medio
655 473 693 512 in
723 474 843 512 fluctu
873 487 990 524 quem
1019 474 1188 513 vidimus
1216 474 1291 524 ipsi

175 532 183 548 ‘
200 529 476 575 Submersum3
513 527 627 565 dictis
655 528 898 576 respondent
927 535 1056 567 cetera
1085 527 1241 566 matris!
1425 528 1495 578 585

174 581 250 619 Vix
278 594 325 619 ea
353 582 452 619 fatus
481 589 573 626 erat,
603 594 694 619 cum
724 580 956 619 circumfusa
982 589 1142 631 repente

173 635 323 674 Scindit
353 647 394 673 se
423 635 549 673 nubes
577 642 616 674 et
644 634 684 672 in
713 636 871 673 aethera
898 643 1036 685 purgat
1065 642 1252 685 apertum.

175 688 333 727 Restitit
363 690 518 726 Aeneas
547 689 729 738 claraque
758 688 798 726 in
827 690 913 727 luce
941 688 1090 727 refulsit

173 744 229 782 Os
257 755 492 791 umerosque
521 743 597 780 deo
627 741 761 780 similis
775 757 784 791 5
816 755 987 792 namque
1015 742 1100 792 ipsa
1128 743 1309 781 decoram

174 795 394 835 Caesariem
425 803 517 833 nato
546 795 720 845 genetrix
749 797 961 845 lumenque
989 795 1171 835 iuventae
1425 806 1498 844 590

176 852 412 899 Purpureum
443 857 480 887 et
508 850 631 888 laetos
661 849 783 888 oculis
812 851 974 888 adflarat
1001 851 1195 889 honores:

175 904 301 952 Quale
332 916 469 941 manus
497 904 648 941 addunt
677 903 785 941 ebori
814 904 944 948 decus,
974 911 1040 942 aut
1069 903 1136 942 ubi
1165 903 1265 942 flavo

174 960 387 1006 Argentum
419 956 600 995 Pariusve
630 956 727 1006 lapis
756 956 1017 995 circumdatur
1045 970 1149 996 auro.

173 1012 207 1048 T
210 1023 275 1048 um
306 1010 361 1048 sic
389 1010 562 1059 reginam
592 1010 819 1060 adloquitur
847 1011 1079 1060 cunctisque
1106 1018 1268 1060 repente

175 1063 401 1114 Inprovisus
430 1063 507 1102 ait:
548 1065 726 1110 ‘Coram,
757 1077 875 1114 quern
905 1064 1098 1114 quaeritis,
1129 1065 1267 1102 adsum
1398 1074 1495 1113 -595

176 1116 337 1156 ‘Troius
366 1119 533 1164 Aeneas,
565 1116 722 1168 Libycis
751 1126 908 1168 ereptus
937 1119 987 1156 ab
1017 1117 1142 1156 undis.

177 1173 234 1211 ‘O
264 1172 347 1210 sola
375 1170 556 1210 infandos
586 1171 728 1210 Troiae
757 1173 938 1210 miserata
965 1173 1129 1218 labores,

177 1226 310 1275 ‘Quae
339 1238 423 1272 nos,
456 1224 639 1274 reliquias
670 1226 863 1273 Danaum,
896 1234 1098 1275 terraeque
1127 1224 1323 1274 marisque

175 1278 392 1318 ‘Omnibus
422 1279 632 1317 exhaustos
661 1278 736 1316 iam
767 1279 932 1326 casibus,
963 1279 1140 1317 omnium
1169 1291 1313 1328 egenos

176 1334 310 1371 ‘Urbe
337 1333 460 1371 domo
490 1332 628 1379 socias,
658 1340 785 1382 grates
815 1334 1033 1382 persolvere
1064 1332 1202 1382 dignas
1423 1332 1500 1369 600

176 1387 290 1425 ‘Non
321 1386 406 1436 opis
436 1393 493 1424 est
523 1393 688 1432 nostrae,
722 1385 840 1434 Dido,
870 1399 944 1424 nec
974 1386 1166 1436 quidquid
1196 1384 1342 1435 ubique
1372 1392 1430 1423 est

176 1440 337 1479 ‘Gentis
367 1440 601 1486 Dardaniae,
632 1453 818 1489 magnum
848 1453 949 1489 quae
979 1453 1111 1489 sparsa
1139 1452 1207 1489 per
1235 1440 1380 1478 orbem.

176 1494 250 1532 ‘Di
281 1493 361 1542 tibi,
395 1493 425 1532 si
455 1506 534 1542 qua
562 1492 648 1543 pios
677 1501 898 1543 respectant
927 1493 1100 1539 numina,
1133 1493 1163 1531 si
1193 1492 1288 1543 quid

176 1549 377 1597 ‘Usquam
407 1547 551 1585 iustitia
579 1554 637 1585 est
667 1554 705 1585 et
736 1560 847 1585 mens
877 1547 950 1586 sibi
978 1547 1136 1585 conscia
1164 1546 1269 1593 recti,

176 1600 375 1640 ‘Praemia
404 1601 522 1651 digna
555 1601 688 1639 ferant.
750 1601 862 1649 Quae
891 1608 929 1639 te
957 1607 1037 1638 tam
1067 1602 1168 1638 laeta
1198 1601 1365 1638 tulerunt
1424 1600 1497 1649 605

177 1656 390 1694 ‘Saecula?
429 1654 495 1704 qui
525 1654 621 1692 tanti
653 1655 769 1692 talem
797 1667 969 1703 genuere
998 1657 1206 1704 parentes?

176 1711 248 1748 ‘In
277 1710 373 1747 freta
401 1708 497 1746 dum
527 1708 631 1746 fluvii
664 1716 828 1755 current,
860 1709 953 1746 dum
985 1709 1183 1747 montibus
1213 1708 1374 1746 umbrae

177 1763 440 1801 ‘Lustrabunt
469 1774 654 1809 convexa,
685 1763 799 1812 polus
829 1762 923 1800 dum
953 1761 1078 1800 sidera
1107 1769 1251 1811 pascet,

177 1818 361 1866 ‘Semper
389 1817 515 1854 honos
544 1828 768 1864 nomenque
797 1823 906 1853 tuum
935 1817 1149 1864 laudesque
1178 1815 1406 1861 manebunt,

177 1874 185 1890 ‘
201 1871 312 1919 Quae
333 1882 396 1907 me
417 1882 585 1919 cumque
606 1877 747 1907 vocant
769 1870 913 1908 terrae!
970 1869 1032 1908 Sic
1053 1870 1152 1907 fatus
1173 1868 1340 1906 amicum
1427 1869 1503 1906 610

178 1924 330 1962 Ilionea
358 1923 453 1973 petit
485 1924 630 1970 dextra,
662 1924 850 1972 laevaque
879 1924 1086 1969 Serestum,

175 1979 272 2016 Post
301 1977 407 2025 alios,
439 1977 657 2026 fortemque
686 1978 798 2026 Gyan
829 1977 1048 2026 fortemque
1078 1976 1327 2015 Cloanthum.

229 2030 443 2080 Obstupuit
474 2030 599 2080 primo
629 2037 788 2079 aspectu
820 2030 980 2068 Sidonia
1011 2029 1129 2076 Dido,

175 2085 280 2124 Casu
308 2084 453 2123 deinde
482 2083 549 2122 viri
578 2091 699 2130 tanto,
731 2092 769 2121 et
799 2083 853 2122 sic
883 2097 948 2122 ore
977 2085 1105 2122 locuta
1137 2090 1218 2122 est:

177 2137 298 2186 ‘Quis
328 2145 376 2183 te,
408 2144 498 2175 nate
528 2138 612 2183 dea,
645 2150 714 2186 per
742 2144 850 2175 tanta
880 2136 1051 2186 pericula
1081 2149 1193 2174 casus
1427 2139 1502 2188 615

177 2190 454 2240 ‘Insequitur?
493 2203 594 2240 quae
623 2191 678 2228 vis
713 2190 948 2228 immanibus
982 2189 1154 2240 applicat
1187 2189 1292 2228 oris?

177 2247 314 2282 ‘Tune
348 2244 412 2282 ille
447 2246 611 2290 Aeneas,
648 2257 765 2294 quem
802 2243 1000 2282 Dardanio
1033 2243 1228 2281 Anchisae

176 2300 315 2336 ‘Alma
348 2299 483 2335 Venus
519 2298 672 2347 Phrygii
702 2297 835 2348 genuit
869 2296 1080 2336 Simoentis
1112 2297 1164 2335 ad
1195 2297 1372 2335 undam?

175 2353 329 2402 ‘Atque
363 2350 548 2402 equidem
579 2352 778 2389 Teucrum
813 2350 972 2389 memini
1003 2350 1151 2390 Sidona
1180 2350 1312 2390 venire
