1687 2519
133 165 180 192 22
476 152 521 190 P.
566 151 817 190 VERGJLI
847 149 1128 190 MARONJS

132 240 241 278 Hinc
268 240 461 290 populum
489 240 566 278 late
593 252 722 290 regem
753 239 938 287 belloque
967 239 1179 288 superbum

128 296 347 332 Venturum
377 292 531 332 excidio
561 292 733 343 Libyae:
761 292 817 332 sic
842 293 996 330 volvere
1029 293 1181 330 Parcas.

131 348 179 386 Id
209 355 386 386 metuens
415 346 634 396 veterisque
663 359 814 385 memor
843 345 1022 384 Saturnia
1053 345 1155 390 belli,

133 400 261 439 Prima
289 401 395 450 quod
425 401 475 439 ad
504 400 664 438 Troiam
693 412 763 449 pro
792 399 890 437 caris
918 407 1088 448 gesserat
1119 396 1230 448 Argis
1246 412 1309 435 :—-
1508 446 1512 450 .

133 455 311 492 Necdum
344 454 458 492 etiam
491 465 631 491 causae
661 453 799 490 irarum
831 452 1015 501 saevique
1043 452 1198 490 dolores
1407 464 1451 502 25

131 507 367 546 Exciderant
395 507 551 553 animo;
591 514 720 544 manet
750 507 827 544 alta
857 513 989 544 mente
1016 511 1215 554 repostum

133 560 326 599 Iudicium
358 560 506 598 Paridis
536 568 766 609 spretaeque
795 559 933 597 iniuria
963 559 1120 604 formae,

133 615 182 652 Et
210 627 333 663 genus
363 613 540 660 invisum,
572 620 610 651 et
639 613 734 662 rapti
767 612 1007 662 Ganymedis
1036 612 1281 650 honores:—

135 667 209 705 His
237 680 402 705 accensa
432 679 547 717 super
575 666 739 705 iactatos
768 678 937 716 aequore
966 673 1050 704 toto

131 722 267 768 Troas,
295 720 477 769 reliquias
508 722 690 759 Danaum
721 727 839 769 atque
867 719 1027 757 immitis
1056 717 1211 768 Achilli,
1404 732 1454 768 30

131 775 303 813 Arcebat
332 775 449 823 longe
478 773 602 820 Latio,
635 775 857 834 multosque
887 786 956 822 per
983 785 1108 811 annos

133 828 323 866 Errabant
351 827 428 865 acti
456 827 542 865 fatis
572 827 693 865 maria
721 826 854 865 omnia
882 827 1037 864 circum.

131 882 283 919 Tantae
313 881 426 919 molis
455 889 534 919 erat
566 882 788 919 Romanam
819 881 990 918 condere
1017 887 1186 929 gentem.

185 934 262 972 Vix
291 948 312 972 e
342 943 554 983 conspectu
585 934 737 973 Siculae
767 934 912 972 telluris
941 933 980 971 in
1009 934 1128 971 altum

133 989 231 1026 Vela
260 989 407 1026 dabant
437 988 526 1026 laeti
556 994 595 1026 et
620 1000 779 1037 spumas
809 987 898 1025 salis
927 1000 1014 1025 aere
1043 987 1220 1033 ruebant,
1403 999 1450 1036 35

133 1042 235 1080 Cum
266 1043 366 1079 Iuno
395 1049 596 1079 aeternum
626 1053 782 1079 servans
812 1042 884 1079 sub
917 1049 1075 1090 pectore
1104 1041 1242 1078 volnus

134 1096 248 1133 Haec
276 1108 430 1133 secum:
472 1098 480 1114 ‘
497 1096 617 1133 Mene
645 1094 804 1144 incepto
833 1094 1020 1132 desistere
1049 1093 1202 1140 victam,

135 1150 244 1186 ‘Nec
271 1161 386 1198 posse
418 1147 531 1186 Italia
559 1149 800 1186 Teucrorum
831 1155 1001 1186 avertere
1029 1149 1190 1196 regem?

136 1201 316 1251 ‘Quippe
345 1209 453 1239 vetor
485 1201 583 1239 fatis.
643 1202 822 1239 Pallasne
852 1214 1010 1239 exurere
1039 1202 1203 1238 classem

136 1256 342 1305 ‘Argivom
374 1263 491 1305 atque
521 1255 624 1305 ipsos
655 1255 781 1304 potuit
811 1257 1057 1304 submergere
1085 1261 1211 1304 ponto
1405 1268 1454 1300 40

135 1309 290 1348 ‘Unius
320 1310 372 1347 ob
402 1322 544 1347 noxam
575 1315 613 1347 et
642 1308 757 1346 furias
788 1308 917 1346 Aiacis
948 1307 1054 1347 Oili?

137 1363 262 1411 ‘Ipsa‚
294 1362 398 1401 Iovis
427 1362 604 1411 rapidum
634 1361 801 1400 iaculata
831 1376 850 1400 e
879 1361 1049 1400 nubibus
1077 1360 1220 1410 ignem,

135 1415 399 1465 ‘Disiecitque
428 1424 528 1454 rates
557 1415 772 1464 evertitque
800 1428 970 1465 aequora
998 1415 1132 1462 ventis,

135 1470 271 1507 ‘Illum
303 1469 542 1519 expirantem
574 1470 754 1507 transfixo
790 1476 947 1518 pectore
975 1469 1152 1506 flammas

135 1523 329 1561 ‘Turbine
359 1522 543 1572 corripuit
573 1523 817 1572 scopuloque
853 1521 973 1560 infixit
1005 1530 1147 1570 acuto;
1403 1535 1450 1572 45

135 1579 226 1613 ‘Ast
258 1589 342 1626 ego,
374 1589 473 1625 quae
502 1577 633 1615 divom
666 1576 806 1614 incedo
841 1576 983 1625 regina,
1016 1575 1202 1625 Iovisque

133 1630 205 1667 ‘Et
236 1643 342 1667 soror
371 1638 409 1668 et
437 1630 620 1675 coniunx,
653 1643 729 1667 una
759 1643 847 1667 cum
876 1637 991 1678 gente
1023 1637 1079 1667 tot
1107 1642 1232 1667 annos

134 1684 264 1720 ‘Bella
293 1696 395 1733 gero.
455 1684 504 1721 Et
534 1682 742 1732 quisquam
777 1696 920 1721 numen
960 1682 1119 1721 Iunonis
1149 1683 1283 1720 adorat

133 1737 369 1783 ‘Praeterea,
400 1745 464 1775 aut
495 1738 658 1786 supplex
686 1736 760 1775 aris
789 1736 963 1786 imponet
993 1737 1182 1774 honorem
1196 1737 1226 1774 ?’

184 1790 296 1827 Talia
325 1791 525 1828 flammato
554 1803 686 1828 secum
718 1791 792 1829 dea
821 1790 938 1828 eorde
966 1791 1145 1828 volutans
1402 1803 1451 1840 50

131 1842 363 1881 Nimborum
396 1843 433 1881 in
464 1843 639 1893 patriam,
669 1845 755 1882 loca
784 1844 861 1881 feta
885 1843 1101 1882 furentibus
1130 1843 1291 1890 Austris,

131 1897 309 1935 Aeoliam
340 1896 455 1935 venit.
516 1897 594 1935 Hic
623 1904 732 1935 vasto
762 1910 828 1935 rex
858 1897 1003 1935 Aeolus
1033 1904 1145 1935 antro

132 1951 343 1988 Luctantes
372 1958 508 1989 ventos
536 1958 865 1999 tempestatesque
894 1963 1055 1989 sonoras

132 2003 302 2052 Imperio
333 2004 483 2052 premit,
515 2017 560 2042 ac
592 2004 728 2042 vinclis
757 2012 794 2043 et
824 2016 977 2042 carcere
1004 2004 1138 2042 frenat.

132 2057 191 2094 Illi
223 2056 471 2106 indignantes
501 2070 643 2107 magno
673 2070 763 2095 cum
797 2070 991 2096 murmure
1020 2055 1164 2095 montis
1401 2070 1448 2108 55

132 2109 288 2148 Circum
324 2111 490 2148 claustra
518 2111 710 2158 fremunt;
747 2111 850 2149 celsa
885 2111 995 2149 sedet
1024 2112 1170 2149 Aeolus
1203 2123 1292 2150 arce

130 2163 290 2212 Sceptra
320 2171 469 2210 tenens,
499 2164 702 2213 mollitque
736 2163 888 2202 animos
918 2171 956 2202 et
984 2171 1174 2213 temperat
1204 2164 1300 2203 iras:

131 2216 182 2253 Ni
212 2216 337 2260 faciat,
370 2217 488 2255 maria
517 2230 563 2255 ac
592 2224 709 2255 terras
738 2218 968 2266 caelumque
1000 2218 1237 2267 profundum

130 2269 289 2319 Quippe
318 2271 442 2308 ferant
471 2270 595 2319 rapidi
625 2283 756 2309 secum
787 2279 1017 2319 verrantque
1044 2283 1112 2320 per
1140 2283 1274 2311 auras:

130 2323 207 2362 Sed
238 2324 352 2361 Pater
380 2323 632 2373 omnipotens
661 2323 855 2373 speluncis
883 2322 1035 2362 abdidit
1063 2322 1152 2362 atris
1398 2326 1448 2364 60
