1687 2519
559 145 880 185 AENEIDOS
913 146 1025 184 LIB.
1064 145 1098 185 J.

168 230 378 271 ‘Permittit
406 230 554 281 patria?
582 230 756 281 hospitio
784 232 1039 281 prohibemur
1066 231 1235 270 harenae
1242 245 1254 280 ς

167 287 292 324 ‘Bella
320 285 437 331 cient,
468 284 674 334 primaque
702 292 834 323 vetant
862 284 1076 323 consistere
1104 292 1215 323 terra.

167 339 223 378 ‘Si
249 351 373 389 genus
401 339 618 376 humanum
649 345 687 376 et
715 338 894 377 mortalia
923 337 1095 376 temnitis
1125 351 1244 383 arma,

167 395 237 430 ‘At
266 400 419 442 sperate
449 393 545 430 deos
573 405 768 431 memores
797 391 906 431 fandi
935 400 1054 441 atque
1083 391 1256 430 nefandi.

167 447 272 484 ‘Rex
301 453 381 484 erat
412 448 566 484 Aeneas
596 445 721 493 nobis,
753 458 832 495 quo
861 446 996 484 iustior
1024 446 1121 484 alter

167 501 270 538 ‘Nec
300 499 445 549 pietate
475 499 546 537 fuit
574 513 648 538 nec
677 500 782 538 bello
811 499 935 537 maior
963 506 1001 537 et
1029 499 1162 537 armis:

168 554 313 602 ‘Quem
346 553 376 590 si
406 554 481 590 fata
514 553 636 591 virum
666 561 831 599 servant,
862 553 893 591 si
922 552 1090 593 vescitur
1117 566 1210 591 aura

168 607 368 645 ‘Aetheria
399 620 527 656 neque
556 608 684 645 adhuc
714 606 936 645 crudelibus
965 608 1133 645 occubat
1166 606 1325 650 umbris,

167 661 277 699 ‘Non
307 669 453 699 metus:
493 660 621 699 officio
651 674 724 698 nec
754 669 793 698 te
822 668 991 698 certasse
1020 661 1189 709 priorem

169 713 402 752 ‘Paeniteatz
441 721 531 752 sunt
560 723 598 752 et
628 714 765 752 Siculis
796 714 1021 763 regionibus
1053 715 1167 752 urbes

167 770 394 816 ‘Armaque,
426 767 682 816 Troianoque
710 781 733 805 a
761 767 950 818 sanguine
980 769 1106 805 clarus
1136 770 1309 806 Acestes.

167 822 418 870 ‘Quassatam
447 821 574 859 ventis
602 822 718 859 liceat
747 821 967 859 subducere
996 822 1159 859 classem

167 876 234 913 ‘Et
263 875 367 913 silvis
395 881 529 924 aptare
559 877 688 914 trabes
717 882 755 913 et
785 875 970 925 stringere
999 888 1139 922 remOS,

165 927 220 967 ‘Si
250 929 364 966 datur
395 928 550 966 Italiam
580 928 695 967 sociis
725 936 764 967 et
793 942 882 978 rege
911 937 1071 979 recepto

166 983 377 1028 ‘Tendere,
408 991 450 1020 ut
482 982 636 1020 Italiam
666 982 757 1021 laeti
787 983 1025 1033 Latiumque
1054 990 1251 1033 petamus3

166 1036 249 1074 ‘Sin
278 1038 489 1086 absumpta
517 1038 630 1084 salus,
663 1045 701 1075 et
732 1045 779 1082 te,
811 1046 921 1086 pater
949 1036 1098 1087 optime
1127 1039 1337 1085 Teucrum,

168 1092 334 1128 ‘Pontus
362 1091 483 1128 habet
513 1090 660 1140 Libyae
690 1104 762 1129 nec
793 1104 884 1140 spes
914 1091 989 1128 iam
1020 1098 1140 1129 restat
1170 1091 1258 1139 Iuli,

166 1146 233 1181 ‘At
265 1145 361 1182 freta
389 1143 565 1182 Sicaniae
595 1145 733 1183 saltem
762 1145 956 1195 sedesque
985 1152 1148 1195 paratas,

166 1198 303 1236 ‘Unde
330 1199 407 1236 huc
436 1198 600 1245 advecti,
631 1211 843 1248 regemque
872 1208 1052 1248 petamus
1083 1200 1283 1238 Acesten)

164 1251 324 1289 Talibus
354 1251 528 1291 Ilioneus
537 1265 549 1300 ;
578 1253 709 1290 cuncti
738 1251 851 1290 simul
881 1266 947 1291 ore
975 1254 1194 1291 fremebant

168 1305 427 1344 Dardanidae.

215 1360 317 1397 Tum
348 1360 512 1398 breviter
543 1359 650 1399 Dido
679 1362 832 1399 voltum
865 1359 1036 1399 demissa
1065 1361 1258 1410 profatur:

164 1412 326 1452 ‘Solvite
355 1415 474 1452 corde
503 1422 663 1463 metum,
697 1414 852 1461 Teucri,
883 1415 1073 1454 secludite
1102 1428 1223 1453 curas.

166 1468 262 1505 ‘Res
291 1467 387 1505 dura
417 1475 456 1505 et
485 1467 593 1518 regni
621 1469 774 1507 novitas
804 1482 867 1507 me
897 1469 990 1507 talia
1019 1476 1166 1519 cogunt

164 1520 313 1559 ‘Moliri
344 1529 382 1559 et
412 1522 490 1560 late
520 1522 618 1560 fines
649 1523 811 1561 custode
842 1522 953 1561 tueri.

163 1574 280 1623 ‘Quis
310 1588 433 1624 genus
463 1577 710 1623 Aeneadum,
744 1575 831 1625 quis
862 1576 1004 1615 Troiae
1036 1577 1185 1615 nesciat
1216 1577 1346 1616 urbem

164 1629 432 1678 ‘Virtutesque
460 1629 641 1679 virosque
671 1638 737 1667 aut
766 1630 864 1668 tanti
895 1630 1076 1669 incendia
1107 1631 1223 1670 belli?

164 1683 272 1720 ‘Non
303 1684 443 1720 obtusa
471 1684 572 1722 adeo
601 1692 798 1732 gestamus
827 1692 987 1734 pectora
1017 1684 1152 1732 Poeni,

164 1737 267 1774 ‘Nec
296 1745 375 1774 tam
403 1750 559 1775 aversus
588 1751 711 1787 equos
742 1738 858 1788 Tyria
887 1739 954 1777 Sol
983 1738 1104 1789 iungit
1134 1740 1184 1777 ab
1215 1739 1317 1778 urbe.

163 1790 255 1828 ‘Seu
282 1803 352 1828 vos
382 1791 619 1840 Hesperiam
648 1805 831 1841 magnam
863 1792 1119 1842 Saturniaque
1149 1806 1241 1830 arva

165 1842 269 1882 ‘Sive
301 1843 436 1894 Erycis
467 1846 563 1882 fines
594 1857 806 1895 regemque
837 1846 982 1895 optatis
1015 1849 1197 1893 Acesten,

163 1897 336 1936 ‘Auxilio
368 1904 472 1936 tutos
503 1898 698 1936 dimittam
731 1899 949 1949 opibusque
980 1899 1132 1939 iuvabo.

163 1950 306 1989 ‘Voltis
338 1958 376 1990 et
405 1951 466 1990 his
498 1965 654 1990 mecum
684 1953 827 2002 pariter
857 1954 1062 1993 considere
1092 1954 1245 2004 regnis?

161 2005 328 2044 ‘Urbem
362 2018 479 2054 quam
511 2013 652 2054 statuo,
683 2014 811 2045 vestra
842 2014 899 2046 est
906 2020 918 2055 3
956 2007 1163 2046 subducite
1193 2021 1331 2059 naves3

162 2059 278 2097 ‘Tros
306 2059 526 2109 Tyriusque
557 2059 650 2097 mihi
684 2062 791 2098 nullo
822 2060 1045 2100 discrimine
1075 2070 1218 2112 agetur.

164 2113 313 2161 ‘Atque
343 2112 493 2150 utinam
525 2126 589 2151 rex
621 2113 704 2163 ipse
735 2116 843 2152 Noto
873 2116 1099 2164 compulsus
1131 2117 1274 2155 eodem

163 2166 344 2204 ‘Adforet
375 2169 549 2204 Aeneas!
581 2167 766 2216 equidem
798 2181 867 2217 per
896 2168 1010 2206 litora
1040 2177 1167 2208 certos

161 2218 391 2257 ‘Dimittam
421 2227 458 2258 et
489 2220 635 2270 Libyae
665 2222 824 2260 lustrare
854 2229 1027 2261 extrema
1054 2223 1212 2273 iubebo,

161 2271 223 2312 ‘Si
252 2273 393 2322 quibus
423 2273 570 2311 eiectus
600 2274 703 2312 silvis
733 2283 800 2313 aut
827 2277 988 2314 urbibus
1018 2277 1140 2315 errat.’

213 2325 291 2364 His
319 2326 494 2365 animum
523 2328 660 2365 arrecti
689 2327 803 2366 dictis
833 2337 872 2367 et
901 2329 1008 2368 fortis
1036 2332 1208 2370 Achates

1278 2408 1379 2446 3--2

1418 241 1494 279 540

1416 510 1488 549 545

1415 779 1489 817 550

1413 1049 1485 1088 555

1413 1309 1488 1357 560

1414 1580 1485 1628 565

1413 1859 1489 1897 570

1412 2127 1486 2168 575
