1687 2519
554 119 874 158 AENEIDOS
905 120 1019 156 LIB.
1059 120 1093 156 l.
1439 130 1488 170 25

163 208 334 247 ‘Aeolus
366 213 405 246 et
435 207 569 244 clauso
601 212 806 243 ventorum
838 216 991 242 carcere
1024 205 1182 252 regnet!

214 261 278 300 Sic
308 260 373 307 ait,
406 267 445 298 et
478 259 584 298 dicto
615 258 729 296 citius
760 256 910 295 tumida
942 270 1114 306 aequora
1144 258 1285 306 placat,

165 315 442 363 Collectasque
472 314 579 363 fugat
612 312 736 350 nubes
770 312 971 360 solemque
1005 310 1167 349 reducit.

164 369 383 418 Cymothoe
414 366 528 405 simul
562 373 600 404 et
632 365 773 403 Triton
798 365 964 402 adnixus
995 371 1111 402 acuto

165 421 388 459 Detrudunt
419 433 536 458 naves
571 420 733 468 scopulo
748 432 758 466 ;
793 420 894 456 levat
924 417 1006 468 ipse
1037 417 1195 456 tridenti
1415 430 1486 468 145

163 476 212 513 Et
242 483 370 512 vastas
403 473 526 524 aperit
559 482 680 523 syrtes
714 481 750 511 et
784 479 976 522 temperat
1008 484 1165 521 aequor,

163 531 293 578 Atque
323 527 417 566 rotis
448 540 619 566 summas
650 526 799 564 levibus
833 525 1043 576 perlabitur
1072 526 1208 564 undas.

165 585 222 620 Ac
254 581 374 620 veluti
407 594 549 631 magno
580 580 620 618 in
650 581 797 630 populo
829 592 918 617 cum
953 592 1072 629 saepe
1103 587 1237 617 coorta
1273 587 1329 617 est

164 635 323 681 Sedifio,
357 635 558 684 saevitque
589 633 728 672 animis
755 633 927 683 ignobile
961 635 1108 683 volgus,

166 691 330 737 Iamque
365 690 468 727 faces
499 696 538 727 et
568 701 660 726 saxa
693 689 838 733 volant,
871 688 975 724 furor
1005 699 1112 724 arma
1142 685 1356 725 ministrat:
1418 698 1491 735 150

163 744 267 780 Tum
302 742 448 792 pietate
478 754 633 791 gravem
668 754 714 779 ac
748 740 892 778 meritis
927 739 958 778 si
988 742 1086 779 sorte
1120 740 1243 779 virum
1278 753 1392 790 quem

165 796 431 845 Conspexere,
461 796 575 834 silent
606 794 842 844 arrectisque
873 794 1029 832 auribus
1057 801 1185 832 astant
1199 808 1211 841 ς

166 851 238 887 Ille
269 848 366 899 regit
399 849 513 887 dictis
544 848 710 895 animos,
743 856 782 887 et
814 856 976 898 pectora
1009 848 1178 886 mulcet:

165 904 227 942 Sic
257 911 423 941 cunctus
454 903 581 953 pelagi
615 902 757 941 cecidit
790 903 927 952 fragor,
960 914 1132 951 aequora
1164 909 1374 952 postquam

167 956 412 1006 Prospiciens
443 957 596 1006 genitor
626 957 816 1006 caeloque
849 957 1026 994 invectus
1060 964 1196 1005 aperto
1421 968 1489 1005 155

168 1010 308 1049 Flectit
339 1023 464 1060 equos
498 1023 688 1060 curruque
718 1011 856 1048 volans
890 1010 958 1048 dat
988 1011 1070 1048 lora
1105 1010 1291 1048 secundo.

220 1064 374 1103 Defessi
408 1065 622 1103 Aeneadae
655 1077 756 1115 quae
786 1064 961 1114 proxima
995 1063 1108 1102 litora
1139 1077 1252 1102 cursu

167 1119 427 1157 Contendunt
460 1125 606 1168 petere,
641 1126 680 1157 et
714 1117 860 1168 Libyae
891 1126 1090 1156 vertuntur
1124 1119 1174 1155 ad
1210 1130 1305 1155 oras.

167 1173 236 1210 Est
269 1173 307 1210 in
339 1185 494 1210 secessu
528 1173 647 1222 longo
681 1173 817 1210 locus:
855 1171 982 1210 insula
1014 1179 1170 1221 portum

168 1225 296 1264 Efficit
329 1225 485 1265 obiectu
522 1227 699 1273 laterum,
735 1225 878 1276 quibus
909 1225 1038 1264 omnis
1069 1227 1120 1263 ab
1152 1227 1232 1264 alto
1423 1227 1495 1263 160

167 1279 372 1329 Frangitur
404 1280 523 1329 inque
557 1279 663 1318 sinus
694 1279 838 1319 scindit
871 1292 956 1318 sese
991 1281 1099 1318 unda
1130 1280 1324 1318 reductos.

168 1332 277 1371 Hinc
307 1341 426 1383 atque
457 1333 548 1371 hinc
580 1341 713 1372 vastae
746 1346 863 1384 rupes
895 1333 1122 1384 geminique
1154 1333 1352 1371 minantur

168 1388 215 1425 In
250 1388 401 1426 caelum
435 1386 600 1437 scopuli,
633 1400 800 1437 quorum
829 1389 903 1426 sub
931 1386 1075 1426 vertice
1105 1388 1181 1425 late

166 1443 351 1490 Aequora
382 1447 465 1480 tuta
495 1441 632 1480 silent:
672 1449 755 1479 tum
791 1441 894 1480 silvis
926 1454 1068 1480 scaena
1098 1440 1272 1479 coruscis

167 1495 347 1544 Desuper
378 1494 628 1545 horrentique
654 1503 781 1533 atrum
814 1508 954 1534 nemus
985 1495 1164 1533 imminet
1197 1496 1359 1542 u1nbra;
1424 1497 1467 1532 16
1476 1507 1494 1545 5

168 1550 314 1587 Fronte
347 1550 420 1587 sub
454 1550 617 1588 adversa
649 1549 821 1599 scopulis
855 1549 1122 1599 pendentibus
1154 1558 1321 1597 antrum,

169 1603 280 1641 Intus
311 1615 436 1653 aquae
467 1603 602 1642 dulces
635 1603 803 1653 vivoque
837 1603 974 1641 sedilia
1004 1617 1111 1649 saxo,

168 1657 440 1706 Nympharum
472 1658 625 1696 domus.
686 1657 767 1695 Hic
799 1658 919 1696 fessas
950 1670 1032 1695 non
1066 1658 1221 1696 vincula
1255 1670 1374 1696 naves

169 1711 262 1749 Ulla
293 1718 440 1758 tenent,
476 1724 580 1749 unco
610 1724 692 1749 non
721 1712 852 1761 alligat
881 1724 1026 1749 ancora
1054 1724 1197 1749 morsu.

170 1765 264 1801 Huc
292 1772 442 1814 septem
473 1767 629 1803 Aeneas
658 1765 833 1803 collectis
863 1765 1028 1803 navibus
1059 1765 1166 1803 omni
1424 1777 1498 1814 170

170 1818 227 1855 Ex
257 1831 421 1857 numero
451 1818 577 1866 subit,
619 1832 665 1856 ac
695 1831 837 1869 magno
867 1818 1013 1857 telluris
1041 1832 1176 1858 amore

170 1871 325 1920 Egressi
354 1880 490 1921 optata
519 1872 722 1922 potiuntur
750 1874 874 1911 Troes
904 1873 1049 1911 harena

170 1926 221 1963 Et
255 1926 336 1964 sale
367 1928 546 1964 tabentes
575 1934 681 1965 artus
711 1926 750 1964 in
778 1925 890 1964 litore
919 1935 1084 1976 ponunt.

169 1980 230 2016 Ac
260 1979 428 2029 primum
459 1979 555 2018 silici
585 1980 793 2019 scintillam
823 1980 979 2019 excudit
1011 1981 1184 2020 Achates

170 2032 432 2083 Succepitque
461 2033 591 2083 ignem
620 2034 723 2072 foliis
752 2042 872 2084 atque
901 2034 1009 2072 arida
1037 2034 1183 2072 circum
1422 2045 1495 2085 175

172 2086 423 2126 Nutrimenta
451 2088 560 2126 dedit
590 2088 798 2138 rapuitque
827 2088 867 2125 in
898 2089 1033 2127 fomite
1062 2089 1272 2126 flammam.

170 2141 276 2178 Tum
309 2141 491 2180 Cererem
527 2150 747 2192 corruptam
779 2142 896 2180 undis
928 2142 1182 2192 Cerealiaque
1213 2156 1318 2180 arma

172 2193 397 2244 Expediunt
429 2194 518 2233 fessi
550 2209 689 2243 rerum,
723 2197 930 2246 frugesque
963 2205 1139 2246 receptas

173 2249 223 2287 Et
257 2255 402 2287 torrere
432 2256 571 2298 parant
601 2249 768 2287 flammis
799 2256 837 2287 et
866 2251 1042 2299 frangere
1073 2263 1176 2288 saxo.

227 2304 383 2341 Aeneas
413 2304 619 2353 scopulum
647 2303 797 2342 interea
826 2304 1057 2343 conscendit
1087 2312 1124 2343 et
1154 2317 1312 2343 omnem
1429 2305 1502 2343 130
