1687 2519
579 117 897 156 AENEJDOS
930 118 1042 155 ΠΒ.
1084 118 1116 154 J.
1461 129 1508 166 37

191 203 375 243 ‘Finibus
409 203 613 252 expulsum
648 201 792 252 patriis,
829 215 931 240 nova
962 215 1080 251 regna
1112 209 1311 251 petentem
1433 204 1510 240 620

193 257 370 296 ‘Auxilio
405 256 512 305 Beli·
545 255 702 306 genitor
732 263 814 293 tum
846 257 962 293 Belus
996 255 1169 305 opimam

192 312 401 349 ‘Vastabat
433 310 604 360 Cyprum
639 318 678 347 et
710 309 834 347 victor
863 309 1012 347 ditione
1045 310 1215 347 tenebat.

192 366 409 414 ‘Tempore
439 363 516 401 iam
547 376 595 401 ex
627 362 695 401 illo
725 376 839 401 casus
871 362 967 400 mihi
999 363 1178 412 cognitus
1212 361 1317 400 urbis

192 418 409 457 ‘Troianae
442 430 666 466 nomenque
699 424 809 454 tuum
842 429 1030 466 regesque
1066 415 1226 466 Pelasgi.

192 473 308 522 ‘Ipse
338 471 461 509 hostis
493 472 667 509 Teucros
698 469 840 520 insigni
870 470 985 508 laude
1018 470 1177 516 ferebat,
1437 472 1509 518 625

192 527 342 575 ‘Seque
375 532 504 563 ortum
537 524 699 573 antiqua
730 525 972 562 Teucrorum
1005 537 1027 561 a
1058 523 1176 573 stirpe
1208 523 1372 561 volebat.

192 580 346 628 ‘Quare
379 578 480 628 agite
511 591 535 617 o
566 577 688 624 tectis,
723 577 894 622 iuvenes,
930 576 1131 615 succedite
1164 576 1314 615 nostris.

193 634 287 671 ‘Me
318 645 478 682 quoque
510 644 579 681 per
607 632 750 669 multos
784 630 918 669 similis
951 632 1107 669 fortuna
1138 630 1291 668 labores

192 688 407 725 ‘Iactatam
438 687 511 723 hac
540 686 702 723 demum
733 684 857 723 voluit
890 683 1102 722 consistere
1137 691 1258 722 terra:

193 742 310 778 ‘Non
343 740 474 789 ignara
503 738 595 776 mali
628 737 775 776 miseris
805 750 1027 776 succurrere
1057 737 1190 775 disco.'
1439 738 1515 784 630

192 793 254 833 Sic
287 799 503 841 memorat3
540 791 654 830 simul
687 793 852 829 Aenean
883 790 923 828 in
956 790 1060 840 regia
1090 790 1198 829 ducit

191 849 326 894 Tecta,
361 845 476 884 simul
505 845 638 884 divom
671 845 829 894 templis
858 844 995 883 indicit
1028 846 1229 883 honorem.

193 903 279 940 Nec
312 899 440 938 minus
474 898 621 938 interea
654 898 770 937 sociis
799 899 850 936 ad
880 898 993 937 litora
1026 897 1144 936 mittit

191 953 339 1004 Viginti
369 961 509 1001 tauros,
545 965 777 1002 magnorum
808 952 1005 991 horrentia
1033 960 1192 990 centum

191 1010 320 1058 Terga
350 1020 474 1053 suum,
507 1006 671 1056 pingues
704 1014 862 1045 centum
896 1019 986 1044 cum
1016 1005 1204 1044 matribus
1237 1017 1370 1055 agnos,
1440 1004 1513 1053 635

194 1064 361 1100 Munera
394 1060 659 1109 laetitiamque
690 1060 755 1099 dii.

195 1118 246 1154 At
278 1116 420 1154 domus
450 1114 609 1152 interior
641 1113 759 1163 regali
790 1113 996 1163 splendida
1028 1114 1122 1151 luxu

196 1169 410 1214 Instruitur,
446 1167 664 1216 mediisque
698 1175 834 1217 parant
863 1166 1041 1205 convivia
1072 1166 1207 1205 tectis:

195 1226 288 1261 Arte
321 1224 518 1260 laboratae
551 1229 677 1260 vestes
712 1229 897 1270 ostroque
930 1221 1111 1270 superbo,

196 1279 340 1326 Ingens
373 1284 575 1325 argentum
606 1274 762 1321 mensis,
799 1275 1027 1323 caelataque
1059 1273 1098 1311 in
1132 1286 1226 1312 auro
1442 1274 1517 1318 640

202 1329 326 1369 Fortia
358 1331 460 1367 facta
489 1337 654 1378 patrum,
687 1328 804 1366 series
838 1327 1062 1377 longissima
1092 1340 1216 1365 rerum

198 1386 271 1422 Per
300 1390 359 1422 tot
393 1383 511 1420 ducta
544 1382 644 1420 viros
675 1382 836 1431 antiqua
869 1382 918 1420 ab
950 1381 1095 1430 origine
1129 1380 1263 1431 gentis.

250 1439 404 1475 Aeneas
437 1436 580 1486 (neque
613 1435 719 1474 enim
753 1435 898 1485 patrius
931 1435 1142 1473 consistere
1178 1442 1350 1472 mentem

199 1494 337 1530 Passus
368 1490 493 1538 amor)
525 1489 705 1539 rapidum
737 1490 788 1527 ad
821 1502 940 1528 naves
971 1488 1182 1538 praemittit
1213 1489 1404 1533 Achaten,

198 1544 367 1583 Ascanio
400 1545 495 1582 ferat
526 1545 634 1590 haec,
668 1542 874 1593 ipsumque
906 1543 957 1581 ad
988 1542 1143 1580 moenia
1174 1542 1317 1589 ducat,
1446 1542 1518 1589 645

198 1598 337 1638 Omnis
369 1598 407 1635 in
443 1597 614 1635 Ascanio
648 1597 726 1635 cari
757 1605 830 1635 stat
861 1610 953 1634 cura
986 1595 1166 1655 parentis

200 1654 366 1690 Munera
401 1659 599 1701 praeterea
630 1650 759 1688 Iliacis
793 1658 927 1699 erepta
960 1650 1078 1687 ruinis

198 1707 313 1744 Ferre
344 1705 462 1749 iubet,
496 1705 638 1754 pallam
671 1704 787 1754 signis
818 1717 990 1754 auroque
1021 1703 1208 1753 rigentem

199 1761 249 1797 Et
277 1759 573 1797 circumtextum
603 1771 744 1796 croceo
774 1759 952 1796 velamen
982 1758 1161 1801 acantho,

199 1813 370 1852 Ornatus
398 1812 564 1861 Argivae
596 1813 789 1857 Helenae,
821 1824 919 1860 quos
948 1812 1013 1848 illa
1043 1809 1234 1859 Mycenis,
1447 1810 1524 1858 650

202 1868 390 1915 Pergama
419 1878 509 1904 cum
539 1874 688 1914 peteret
717 1864 1049 1913 inconcessosque
1078 1866 1328 1913 hymenaeos,

199 1921 413 1966 Extulerat,
444 1919 576 1956 matris
608 1919 739 1957 Ledae
769 1917 944 1956 mirabile
978 1919 1127 1956 donum
1142 1931 1152 1964 3

200 1975 405 2011 Praeterea
433 1980 640 2022 sceptrum,
674 1972 801 2010 Ilione
830 1972 938 2021 quod
967 1978 1136 2021 gesserat
1166 1969 1271 2016 olim,

201 2026 377 2065 Maxima
405 2033 584 2064 natarum
615 2025 768 2073 Priami,
801 2026 982 2073 colloque
1011 2024 1158 2063 monile

200 2082 389 2118 Bacatum
420 2087 457 2118 et
486 2079 683 2128 duplicem
714 2078 878 2128 gemmis
905 2091 1079 2128 auroque
1107 2090 1305 2116 coronam.
1450 2077 1524 2125 655

202 2135 317 2172 Haec
346 2135 518 2172 celerans
547 2133 619 2171 iter
646 2133 697 2171 ad
726 2146 844 2171 naves
873 2132 1063 2171 tendebat
1091 2132 1272 2169 Achates.

256 2190 306 2225 At
337 2188 531 2236 Cytherea
559 2199 681 2224 novas
710 2194 822 2232 artes,
852 2199 955 2224 nova
983 2194 1142 2236 pectore
1169 2190 1296 2223 versat

200 2239 388 2286 Consilia,
420 2249 462 2277 ut
491 2240 629 2277 faciem
658 2248 829 2277 mutatus
860 2247 895 2277 et
927 2253 993 2277 ora
1023 2238 1181 2287 Cupido

203 2296 278 2333 Pro
307 2292 411 2332 dulci
438 2292 610 2331 Ascanio
639 2293 781 2340 veniat,
812 2292 1007 2342 donisque
1035 2295 1226 2330 furentem
