1687 2519
153 157 205 194 30
494 145 538 182 P.
590 145 842 183 VERGJLJ
873 145 1153 185 MARONJS

154 232 416 270 ‘Germanum
445 229 606 280 fugiens.
666 232 804 281 Longa
831 239 890 271 est
917 231 1069 280 iniuria,
1097 233 1239 284 longae

155 286 401 334 ‘Ambages3
439 285 508 323 sed
538 297 691 322 summa
720 298 860 334 sequar
887 285 1040 336 fastigia
1068 299 1207 325 rerum.

155 337 286 376 ‘Huic
314 337 485 376 coniunx
515 339 712 388 Sychaeus
742 346 832 385 erat,
865 339 1076 378 ditissimus
1105 340 1185 389 agri

155 390 428 439 ‘Phoenicum‚
460 399 498 430 et
526 405 669 441 magno
699 392 861 430 miserae
891 392 1054 431 dilectus
1083 406 1227 441 amore,

155 444 253 484 ‘Cui
281 452 390 494 pater
419 445 604 483 intactam
634 445 794 484 dederat
822 445 1034 495 primisque
1064 446 1210 496 iugarat

155 497 397 538 ‘Ominibus.
456 499 533 536 Sed
562 511 681 547 regna
709 498 801 548 Tyri
829 511 1033 549 germanus
1062 501 1234 538 habebat

154 551 417 602 ‘Pygmalion,
449 552 594 590 scelere
623 558 713 590 ante
741 551 838 590 alios
867 551 1061 591 inmanior
1088 565 1235 592 omnes.

155 606 289 654 ‘Quos
318 604 419 643 inter
445 604 597 643 medius
626 604 732 644 venit
760 607 874 644 furor.
936 607 1006 645 Ille
1036 607 1253 656 Sychaeum

154 658 328 708 ‘Impius
357 666 448 697 ante
477 671 561 697 aras
590 666 708 708 atque
736 659 818 697 auri
847 672 986 697 caecus
1015 672 1146 698 amore

154 713 289 751 ‘Clam
318 713 418 751 ferro
448 712 645 750 incautum
675 720 842 762 superat,
873 726 1029 751 securus
1058 726 1234 752 amorum

154 767 421 813 ‘Germanae;
462 767 686 816 factumque
714 765 779 805 diu
809 766 960 815 celavit,
992 775 1031 805 et
1059 780 1214 817 aegram

155 821 306 857 ‘Multa
335 821 460 858 malus
489 819 677 858 simulans
703 833 805 858 vana
833 833 902 870 spe
930 819 1019 858 lusit
1047 827 1257 859 amantem.

155 874 269 922 ‘Ipsa
298 874 367 912 sed
395 873 435 911 in
465 872 613 912 somnis
642 872 834 912 inhumati
861 873 968 912 venit
996 873 1127 923 imago

155 926 377 976 ‘Coniugis‚
409 939 476 965 ora
504 925 633 965 modis
662 927 846 965 attollens
877 927 1026 977 pallida
1054 927 1159 966 miris

155 981 366 1019 ‘Crudeles
395 993 480 1018 aras
510 979 749 1029 traiectaque
777 987 937 1030 pectora
964 982 1064 1020 ferro

155 1033 364 1079 ‘Nudavit,
395 1046 636 1083 caecumque
666 1035 807 1072 domus
836 1035 961 1072 scelus
991 1047 1110 1074 omne
1137 1033 1284 1074 retexit.

156 1090 281 1126 ‘Tum
311 1088 480 1125 celerare
508 1088 639 1136 fugam
669 1087 871 1137 patriaque
903 1088 1090 1127 excedere
1118 1089 1265 1134 suadet,

154 1140 454 1190 ‘Auxiliumque
482 1140 568 1179 viae
596 1140 736 1179 veteris
763 1142 901 1179 tellure
929 1141 1093 1180 recludit

155 1196 410 1241 ‘Thesauros‚
440 1193 617 1244 ignotum
646 1194 794 1244 argenti
822 1195 978 1244 pondus
1007 1202 1046 1234 et
1073 1195 1166 1235 auri.

155 1248 254 1286 ‘His
284 1255 485 1287 commota
513 1249 643 1298 fugam
674 1247 782 1286 Dido
811 1248 1019 1298 sociosque
1047 1251 1217 1299 parabat.

155 1302 440 1349 ‘Conveniunt,
471 1300 614 1350 quibus
643 1308 708 1340 aut
737 1301 871 1340 odium
900 1303 1057 1341 crudele
1086 1304 1238 1352 tyranni

157 1357 257 1394 ‘Aut
287 1362 414 1394 metus
443 1368 530 1393 acer
558 1361 663 1402 erat;
691 1367 822 1403 naves,
854 1368 954 1405 quae
982 1357 1080 1395 forte
1109 1367 1279 1406 paratae,

156 1408 406 1458 ‘Corripiunt
434 1415 678 1458 onerantque
705 1421 810 1448 auro.
872 1411 1079 1448 Portantur
1105 1411 1210 1450 avari

155 1461 440 1513 ‘Pygmalionis
471 1475 566 1511 opes
596 1463 759 1512 pelago;
798 1462 876 1501 dux
905 1462 1052 1501 femina
1079 1464 1179 1503 facti.

155 1517 384 1555 ‘Devenere
412 1517 532 1562 locos,
563 1515 630 1554 ubi
660 1529 766 1554 nunc
794 1515 967 1566 ingentia
995 1529 1130 1556 cernes

154 1569 343 1609 ‘Moenia
370 1576 671 1619 surgentemque
700 1582 827 1608 novae
856 1569 1108 1620 Karthaginis
1137 1585 1278 1619 arcem,

158 1622 428 1674 ‘Mercatique
458 1624 595 1671 solum,
626 1623 716 1660 facti
747 1624 797 1662 de
825 1623 986 1662 nomine
1015 1625 1187 1675 Byrsam,

156 1677 351 1716 ‘Taurino
380 1684 571 1726 quantum
600 1683 764 1726 possent
793 1676 1034 1716 circumdare
1064 1686 1182 1728 tergo.

156 1732 255 1770 ‘Sed
283 1743 354 1770 vos
382 1729 449 1780 qui
478 1730 639 1769 tandem
669 1729 811 1779 quibus
839 1738 906 1768 aut
935 1730 1094 1770 venistis
1123 1734 1174 1771 ab
1203 1731 1292 1780 oris,

156 1785 319 1834 ‘Quove
337 1783 478 1823 tenetis
509 1783 625 1822 iterP'
665 1784 878 1832 Quaerenti
906 1784 1050 1823 talibus
1078 1785 1143 1824 ille

154 1838 358 1888 Suspirans
387 1837 546 1887 imoque
575 1837 731 1875 trahens
761 1850 784 1874 a
812 1844 971 1887 pectore
999 1851 1161 1877 vocem:

209 1893 264 1931 ‘O
294 1892 378 1937 dea,
409 1891 439 1929 si
469 1891 593 1940 prima
620 1898 800 1940 repetens
829 1892 878 1929 ab
908 1891 1055 1941 origine
1085 1905 1256 1942 pergam,

159 1947 229 1983 ‘Et
259 1953 370 1983 vacet
399 1946 560 1982 annales
589 1951 810 1982 nostrorum
840 1944 973 1983 audire
1002 1946 1191 1992 laborum,

159 2001 287 2037 ‘Ante
317 1998 421 2036 diem
452 1999 586 2036 clauso
615 2004 830 2046 componat
858 1999 1009 2048 Vesper
1039 2000 1220 2049 Olympo.

155 2054 263 2091 ‘Nos
291 2051 410 2090 Troia
439 2051 609 2100 antiqua,
641 2050 672 2088 si
701 2058 847 2089 vestras
874 2052 973 2090 forte
1002 2064 1072 2101 per
1099 2065 1212 2091 aures

156 2105 322 2144 ‘Troiae
350 2117 493 2143 nomen
525 2104 577 2151 iit,
609 2103 759 2142 diversa
789 2118 857 2154 per
885 2117 1055 2154 aequora
1083 2114 1217 2144 vectos

156 2160 295 2197 ‘Forte
324 2171 395 2197 sua
424 2157 580 2207 Libycis
610 2164 822 2206 tempestas
855 2158 1006 2207 adpulit
1034 2159 1119 2198 oris.

157 2213 275 2251 ‘Sum
304 2211 391 2260 pius
423 2213 587 2254 Aenea&
624 2218 757 2260 raptos
787 2210 852 2259 qui
883 2224 928 2249 ex
958 2212 1071 2251 hoste
1100 2214 1267 2251 Penates

157 2266 316 2304 ‘Classe
346 2266 446 2303 veho
477 2277 645 2308 mecum,
676 2265 779 2302 fama
807 2277 924 2315 super
952 2267 1107 2304 aethera
1137 2274 1262 2304 notus.

156 2318 336 2356 ‘Italiam
365 2330 510 2368 quaero
538 2317 703 2367 patriam
732 2326 770 2356 et
797 2330 922 2367 genus
949 2320 999 2357 ab
1026 2320 1122 2358 Iove
1150 2331 1313 2358 summo.

1402 460 1476 499 345

1400 725 1478 765 350

1400 993 1474 1032 355

1401 1253 1478 1300 360

1399 1519 1475 1570 365

1400 1798 1478 1836 370

1400 2064 1475 2104 375

1400 2323 1478 2371 380
