1687 2519
549 124 872 164 AENEJDOS
904 125 1016 163 ΜΒ.
1058 126 1092 162 J.
1447 138 1496 174 29

164 208 347 261 Remigio
377 210 535 255 alarum,
566 222 612 247 ac
641 208 790 259 Libyae
819 209 920 247 citus
949 208 1071 248 astitit
1100 209 1188 249 oris.

164 266 214 302 Et
242 263 319 301 iam
349 263 454 301 iussa
480 262 586 310 facit,
616 272 848 313 ponuntque
877 263 1020 301 ferocia
1051 263 1174 301 Poeni

164 318 296 357 Corda
323 318 481 356 volente
511 317 612 365 deo3
652 316 693 354 in
722 316 857 366 primis
887 316 1019 366 regina
1047 316 1226 365 quietum

161 370 319 421 Accipit
348 370 387 408 in
415 372 590 408 Teucros
619 369 793 408 animum
824 378 1079 420 mentemque
1108 371 1331 419 benignam.

215 426 268 463 At
296 423 383 474 pius
412 426 580 470 Aeneas,
610 437 680 474 per
707 431 866 462 noctem
894 423 1064 474 plurima.
1091 425 1264 470 volvens,
1418 437 1492 475 305

163 479 220 517 Ut
248 477 417 527 primum
446 479 513 515 lux
541 479 644 516 alma
675 478 768 516 data
796 485 865 524 est,
897 477 1002 517 exire
1030 478 1220 527 locosque

163 532 377 581 Explorare
407 544 543 577 novos,
574 544 669 581 quas
700 538 819 570 vento
849 531 1055 570 accesserit
1084 544 1182 578 oras,

163 585 241 633 Qui
270 592 442 632 teneant,
472 598 563 623 nam
593 585 739 623 inculta
767 585 888 632 videt,
919 584 1152 623 hominesne
1182 586 1347 635 feraene,

162 639 360 687 Quaerere
390 638 603 686 constituit,
634 638 829 687 sociisque
857 646 994 677 exacta
1022 640 1172 677 referre.

163 694 340 731 Classem
370 692 410 730 in
437 705 615 731 convexo
645 705 852 730 nemorum
881 693 953 730 sub
982 705 1080 742 rupe
1108 699 1245 731 cavata
1418 707 1492 742 310

162 745 376 785 Arboribus
404 746 577 784 clausam
607 745 752 783 circum
781 752 900 794 atque
929 745 1177 784 horrentibus
1207 746 1354 785 umbris

162 799 341 847 Occulit3
375 799 460 849 ipse
489 811 569 837 uno
598 800 770 849 graditur
798 799 1008 838 comitatus
1040 800 1203 847 Achate,

161 853 258 891 Bina
287 866 406 891 manu
434 854 514 891 lato
544 852 716 902 crispans
746 852 900 892 hastilia
928 854 1039 891 ferro.

165 907 238 946 Cui
268 914 392 945 mater
419 907 550 945 media
580 919 664 945 sese
695 906 780 945 tulit
811 906 926 945 obvia
956 906 1062 955 silva,

160 960 328 1009 Virginis
358 973 401 998 os
431 960 686 1010 habitumque
715 974 852 1010 gerens
881 968 919 999 et
951 960 1103 1011 virginis
1133 974 1251 1009 arma,
1414 973 1489 1012 315

159 1015 386 1064 Spartanae,
416 1015 477 1053 vel
507 1014 631 1064 qualis
661 1027 784 1064 equos
814 1014 999 1053 Threissa
1027 1014 1160 1064 fatigat

160 1069 385 1118 Harpalyce
413 1069 693 1117 volucremque
722 1069 813 1118 fuga
840 1068 1095 1118 praevertitur
1128 1069 1320 1107 Hebrum

161 1123 345 1171 Namque
373 1121 515 1160 umeris
545 1123 595 1160 de
623 1134 732 1161 more
761 1122 932 1160 habilem
962 1124 1216 1172 suspenderat
1245 1136 1376 1162 arcum

159 1175 357 1223 VenatriX‚
389 1175 631 1224 dederatque
660 1188 816 1214 comam
846 1176 1065 1215 diffundere
1094 1176 1233 1223 ventis,

159 1230 278 1268 Nuda
306 1242 409 1280 genu
437 1230 625 1279 nodoque
654 1229 761 1268 sinus
790 1230 954 1268 collecta
982 1230 1156 1269 fluentes.
1413 1244 1490 1281 320

157 1284 217 1321 Ac
246 1282 350 1332 prior
383 1285 531 1322 ‘Heus’
563 1282 700 1331 inquit,
724 1283 916 1329 ‘iuvenes‚
947 1290 1173 1331 monstrate,
1205 1297 1381 1323 mearum

159 1336 345 1375 ‘Vidistis
375 1336 406 1374 si
435 1350 555 1386 quam
584 1337 647 1375 hic
677 1346 868 1376 errantem
898 1338 996 1376 forte
1026 1350 1213 1383 sororum,

163 1390 431 1429 ‘Succinctam
461 1391 642 1440 pharetra
671 1399 709 1429 et
738 1393 962 1430 maculosae
991 1391 1162 1442 tegmine
1192 1392 1325 1442 lyncis,

161 1446 264 1482 ‘Aut
293 1444 511 1493 spumantis
540 1444 623 1494 apri
652 1458 807 1483 cursum
838 1446 1008 1484 clamore
1037 1446 1306 1496 prementem.'

210 1498 272 1536 Sic
301 1500 449 1544 Venus,
481 1506 519 1536 et
548 1498 712 1536 Veneris
742 1506 878 1537 contra
907 1499 963 1537 sic
992 1499 1091 1537 filius
1121 1513 1255 1539 orsus:
1409 1512 1483 1550 325

161 1553 305 1590 ‘Nulla
334 1559 486 1590 tuarum
515 1552 650 1590 audita
679 1552 772 1590 mihi
803 1566 931 1602 neque
960 1553 1042 1590 visa
1071 1566 1263 1602 sororum,

159 1607 392 1654 ‘0—quam
422 1613 460 1644 te
489 1619 716 1652 memorem,
748 1606 887 1656 virgo?
925 1620 1095 1656 namque
1125 1608 1230 1646 haud
1260 1607 1329 1646 tibi
1359 1609 1487 1647 voltus

157 1663 165 1679 ‘
185 1659 372 1705 Mortalis,
406 1672 478 1698 nec
505 1673 581 1698 vox
609 1660 812 1698 hominem
843 1668 983 1708 sonat3
1024 1674 1048 1699 ο
1078 1662 1152 1700 dea
1180 1669 1294 1708 certe,

158 1715 246 1750 ‘An
277 1713 427 1752 Phoebi
458 1726 566 1751 soror
594 1727 641 1751 an
676 1715 948 1764 Nympharum
979 1715 1177 1764 sanguinis
1206 1717 1314 1753 una?

157 1767 237 1805 ‘Sis
267 1767 368 1814 felix,
399 1774 657 1816 nostrumque
686 1769 802 1813 leves,
834 1781 1118 1817 quaecumque,
1150 1769 1335 1816 laborem,
1410 1783 1487 1818 330

157 1822 240 1866 ‘Et,
273 1832 352 1868 quo
381 1822 454 1858 sub
483 1822 594 1859 caelo
623 1822 795 1867 tandem,
827 1822 967 1870 quibus
998 1822 1101 1860 orbis
1130 1823 1170 1860 in
1200 1823 1276 1861 oris

158 1875 389 1920 ‘Iactemur,
421 1875 565 1912 doceas
580 1889 590 1922 ;
630 1874 753 1924 ignari
782 1875 1066 1925 hominumque
1096 1877 1351 1926 locorumque

155 1929 375 1973 ‘Erramus‚
406 1936 525 1966 vento
554 1929 631 1966 huc
660 1928 778 1966 vastis
808 1937 846 1967 et
874 1929 1057 1968 fluctibus
1086 1930 1188 1968 acti:

156 1982 307 2019 ‘Multa
338 1980 407 2019 tibi
435 1989 526 2020 ante
554 1995 637 2020 aras
668 1989 799 2021 nostra
827 1983 941 2020 cadet
973 1982 1099 2022 hostia
1129 1984 1287 2022 dextra!

207 2037 310 2073 Tum
341 2036 500 2074 Venus:
541 2037 688 2074 ‘Haud
717 2035 900 2085 equidem
930 2035 996 2074 tali
1027 2050 1090 2076 me
1119 2037 1259 2087 dignor
1287 2038 1462 2084 honore}

155 2088 403 2138 ‘Virginibus
433 2088 561 2138 Tyriis
590 2102 678 2128 mos
707 2098 765 2128 est
794 2098 946 2138 gestare
977 2092 1212 2140 pharetram,
1409 2094 1485 2141 336

155 2146 164 2163 ‘
183 2143 463 2192 Purpureoque
493 2144 570 2181 alte
600 2155 708 2181 suras
737 2143 881 2182 vincire
911 2145 1116 2182 cothurno.

155 2199 164 2216 ‘
181 2196 330 2234 Punica
359 2209 476 2246 regna
505 2196 625 2242 vides,
657 2197 796 2246 Tyrios
825 2206 864 2236 et
892 2198 1084 2246 Agenoris
1115 2200 1254 2237 urbem
1268 2212 1282 2248 ς

155 2249 254 2287 ‘Sed
283 2250 380 2288 fines
412 2249 560 2300 Libyci,
590 2263 714 2300 genus
743 2249 987 2290 intractabile
1016 2253 1132 2290 bello.

156 2303 391 2352 ‘Imperium
425 2303 533 2343 Dido
561 2304 679 2354 Tyria
706 2304 802 2355 regit
831 2305 926 2343 urbe
955 2307 1140 2355 profecta,
1405 2319 1482 2356 340
